,time,price,pchange,change,volume,amount,type
0,13:56:50,4.83,-1.83,0.01,49,23667,买盘
1,13:56:47,4.82,-2.03,0.0,7,3374,卖盘
2,13:56:44,4.82,-2.03,0.0,7,3374,卖盘
3,13:56:41,4.82,-2.03,-0.01,10,4820,卖盘
4,13:56:38,4.83,-1.83,0.0,126,60858,买盘
5,13:56:35,4.83,-1.83,0.01,9,4347,买盘
6,13:56:32,4.82,-2.03,-0.01,116,55912,卖盘
7,13:56:29,4.83,-1.83,0.0,1,483,买盘
8,13:56:26,4.83,-1.83,0.0,20,9660,买盘
9,13:56:17,4.83,-1.83,0.0,5,2415,买盘
10,13:56:14,4.83,-1.83,0.0,1,483,买盘
11,13:56:02,4.83,-1.83,0.01,114,55062,买盘
12,13:55:59,4.82,-2.03,0.0,23,11086,卖盘
13,13:55:53,4.82,-2.03,-0.01,2,964,卖盘
14,13:55:47,4.83,-1.83,0.0,5,2415,买盘
15,13:55:44,4.83,-1.83,0.01,7,3381,买盘
16,13:55:41,4.82,-2.03,-0.01,423,203886,卖盘
17,13:55:38,4.83,-1.83,0.01,16,7728,买盘
18,13:55:32,4.82,-2.03,-0.01,144,69408,卖盘
19,13:55:23,4.83,-1.83,0.0,1,483,买盘
20,13:55:20,4.83,-1.83,0.01,50,24150,买盘
21,13:55:17,4.82,-2.03,-0.01,31,14942,卖盘
22,13:55:14,4.83,-1.83,0.0,5,2415,买盘
23,13:55:08,4.83,-1.83,0.01,8,3864,买盘
24,13:55:05,4.82,-2.03,0.0,10,4820,卖盘
25,13:55:02,4.82,-2.03,0.0,140,67480,卖盘
26,13:54:53,4.82,-2.03,-0.01,2,964,卖盘
27,13:54:50,4.83,-1.83,0.0,16,7728,买盘
28,13:54:47,4.83,-1.83,0.0,5,2415,买盘
29,13:54:35,4.83,-1.83,0.01,4,1932,买盘
30,13:54:32,4.82,-2.03,0.0,108,52056,卖盘
31,13:54:20,4.82,-2.03,0.0,39,18798,卖盘
32,13:54:17,4.82,-2.03,0.0,16,7712,卖盘
33,13:54:14,4.82,-2.03,-0.01,41,19762,卖盘
34,13:54:02,4.83,-1.83,0.0,134,64722,买盘
35,13:53:59,4.83,-1.83,0.01,2,966,买盘
36,13:53:56,4.82,-2.03,0.0,1,482,卖盘
37,13:53:53,4.82,-2.03,-0.01,9,4338,卖盘
38,13:53:47,4.83,-1.83,0.0,1,483,买盘
39,13:53:43,4.83,-1.83,0.0,5,2415,买盘
40,13:53:38,4.83,-1.83,0.0,7,3381,买盘
41,13:53:35,4.83,-1.83,0.01,22,10626,买盘
42,13:53:32,4.82,-2.03,-0.01,109,52538,卖盘
43,13:53:29,4.83,-1.83,0.0,40,19320,买盘
44,13:53:23,4.83,-1.83,0.0,120,57960,买盘
45,13:53:19,4.83,-1.83,0.0,13,6279,买盘
46,13:53:17,4.83,-1.83,0.01,1,483,买盘
47,13:53:11,4.82,-2.03,0.0,51,24582,卖盘
48,13:53:11,4.82,-2.03,0.0,51,24582,中性盘
49,13:53:11,4.82,-2.03,0.0,51,24582,卖盘
50,13:53:01,4.82,-2.03,-0.01,120,57840,卖盘
51,13:52:55,4.83,-1.83,0.0,4,1932,买盘
52,13:52:47,4.83,-1.83,0.01,99,47831,买盘
53,13:52:41,4.82,-2.03,0.0,396,190872,买盘
54,13:52:34,4.82,-2.03,0.0,335,161470,买盘
55,13:52:31,4.82,-2.03,0.0,130,62660,买盘
56,13:52:28,4.82,-2.03,0.01,302,145564,买盘
57,13:52:25,4.81,-2.24,-0.01,10,4810,卖盘
58,13:52:22,4.82,-2.03,0.0,43,20726,买盘
59,13:52:19,4.82,-2.03,0.01,50,24100,买盘
60,13:52:13,4.81,-2.24,-0.01,17,8177,卖盘
61,13:52:10,4.82,-2.03,0.0,125,60250,买盘
62,13:52:07,4.82,-2.03,0.01,62,29884,买盘
63,13:52:04,4.81,-2.24,0.0,116,55796,卖盘
64,13:52:01,4.81,-2.24,0.0,4,1924,卖盘
65,13:51:58,4.81,-2.24,-0.01,24,11544,卖盘
66,13:51:55,4.82,-2.03,0.0,3,1446,买盘
67,13:51:52,4.82,-2.03,0.0,87,41934,买盘
68,13:51:46,4.82,-2.03,0.0,57,27474,买盘
69,13:51:40,4.82,-2.03,0.0,40,19280,买盘
70,13:51:37,4.82,-2.03,0.01,179,86278,买盘
71,13:51:34,4.81,-2.24,-0.01,109,52429,卖盘
72,13:51:28,4.82,-2.03,0.0,31,14942,买盘
73,13:51:22,4.82,-2.03,0.01,3,1446,买盘
74,13:51:19,4.81,-2.24,0.0,26,12506,卖盘
75,13:51:10,4.81,-2.24,0.0,20,9620,卖盘
76,13:51:07,4.81,-2.24,0.0,11,5291,卖盘
77,13:51:04,4.81,-2.24,0.0,108,51948,卖盘
78,13:50:55,4.81,-2.24,0.0,130,62530,卖盘
79,13:50:52,4.81,-2.24,-0.01,4,1924,卖盘
80,13:50:49,4.82,-2.03,0.01,93,44826,买盘
81,13:50:46,4.81,-2.24,-0.01,8,3848,卖盘
82,13:50:43,4.82,-2.03,0.01,7,3374,买盘
83,13:50:34,4.81,-2.24,0.0,169,81318,卖盘
84,13:50:25,4.81,-2.24,-0.01,71,34151,卖盘
85,13:50:22,4.82,-2.03,0.01,2,964,买盘
86,13:50:13,4.81,-2.24,-0.01,60,28860,卖盘
87,13:50:10,4.82,-2.03,0.01,77,37114,买盘
88,13:50:04,4.81,-2.24,0.0,140,67340,卖盘
89,13:50:01,4.81,-2.24,-0.01,7,3367,卖盘
90,13:49:58,4.82,-2.03,0.01,53,25546,买盘
91,13:49:55,4.81,-2.24,-0.01,76,36556,卖盘
92,13:49:52,4.82,-2.03,0.01,3,1446,买盘
93,13:49:49,4.81,-2.24,0.0,10,4810,卖盘
94,13:49:46,4.81,-2.24,0.0,7,3367,卖盘
95,13:49:43,4.81,-2.24,0.0,3,1443,卖盘
96,13:49:37,4.81,-2.24,0.0,100,48100,卖盘
97,13:49:34,4.81,-2.24,0.0,109,52429,卖盘
98,13:49:31,4.81,-2.24,0.0,12,5772,中性盘
99,13:49:31,4.81,-2.24,0.0,12,5772,卖盘
100,13:49:28,4.81,-2.24,-0.01,31,14911,卖盘
101,13:49:25,4.82,-2.03,0.0,77,37114,买盘
102,13:49:22,4.82,-2.03,0.01,53,25546,买盘
103,13:49:16,4.81,-2.24,-0.01,1,481,卖盘
104,13:49:13,4.82,-2.03,0.0,56,26992,买盘
105,13:49:07,4.82,-2.03,0.0,4,1928,买盘
106,13:49:04,4.82,-2.03,0.01,309,148938,买盘
107,13:49:01,4.81,-2.24,-0.01,154,74074,卖盘
108,13:48:52,4.82,-2.03,0.01,3,1446,买盘
109,13:48:49,4.81,-2.24,0.0,7,3367,卖盘
110,13:48:46,4.81,-2.24,0.0,33,15873,卖盘
111,13:48:39,4.81,-2.24,0.0,57,27417,卖盘
112,13:48:33,4.81,-2.24,-0.01,109,52429,卖盘
113,13:48:24,4.82,-2.03,0.01,16,7712,买盘
114,13:48:15,4.81,-2.24,-0.01,30,14430,卖盘
115,13:48:13,4.82,-2.03,0.01,6,2892,买盘
116,13:48:06,4.81,-2.24,0.0,435,209235,卖盘
117,13:48:03,4.81,-2.24,0.0,119,57239,卖盘
118,13:47:58,4.81,-2.24,0.0,26,12506,卖盘
119,13:47:54,4.81,-2.24,-0.01,13,6253,卖盘
120,13:47:51,4.82,-2.03,0.0,13,6266,买盘
121,13:47:48,4.82,-2.03,0.01,10,4820,买盘
122,13:47:45,4.81,-2.24,-0.01,12,5772,卖盘
123,13:47:39,4.82,-2.03,0.01,5,2410,买盘
124,13:47:36,4.81,-2.24,-0.01,195,93795,卖盘
125,13:47:33,4.82,-2.03,0.01,133,64106,买盘
126,13:47:31,4.81,-2.24,0.0,500,240500,卖盘
127,13:47:27,4.81,-2.24,-0.01,1,481,卖盘
128,13:47:24,4.82,-2.03,0.0,42,20244,买盘
129,13:47:21,4.82,-2.03,0.0,64,30848,买盘
130,13:47:18,4.82,-2.03,0.01,6,2892,买盘
131,13:47:15,4.81,-2.24,0.0,97,46657,卖盘
132,13:47:12,4.81,-2.24,-0.01,49,23569,卖盘
133,13:47:09,4.82,-2.03,0.0,22,10604,买盘
134,13:47:06,4.82,-2.03,0.01,91,43862,买盘
135,13:47:03,4.81,-2.24,0.0,110,52910,卖盘
136,13:47:00,4.81,-2.24,-0.01,160,76960,卖盘
137,13:46:57,4.82,-2.03,0.0,111,53502,买盘
138,13:46:54,4.82,-2.03,0.01,3,1446,买盘
139,13:46:51,4.81,-2.24,-0.01,82,39442,卖盘
140,13:46:48,4.82,-2.03,0.01,8,3856,买盘
141,13:46:45,4.81,-2.24,0.0,79,37999,卖盘
142,13:46:42,4.81,-2.24,0.0,10,4810,卖盘
143,13:46:39,4.81,-2.24,0.0,11,5291,卖盘
144,13:46:36,4.81,-2.24,-0.01,358,172198,卖盘
145,13:46:33,4.82,-2.03,0.01,142,68444,买盘
146,13:46:27,4.81,-2.24,0.0,6,2886,卖盘
147,13:46:24,4.81,-2.24,-0.01,138,66378,卖盘
148,13:46:21,4.82,-2.03,0.0,105,50610,买盘
149,13:46:18,4.82,-2.03,0.01,9,4338,买盘
150,13:46:15,4.81,-2.24,0.0,88,42328,卖盘
151,13:46:09,4.81,-2.24,0.0,605,291005,卖盘
152,13:46:06,4.81,-2.24,0.0,34,16354,卖盘
153,13:46:03,4.81,-2.24,0.0,369,177489,卖盘
154,13:46:00,4.81,-2.24,0.0,30,14430,卖盘
155,13:45:57,4.81,-2.24,0.0,15,7215,卖盘
156,13:45:51,4.81,-2.24,0.0,89,42809,中性盘
157,13:45:51,4.81,-2.24,-0.01,89,42809,卖盘
158,13:45:48,4.82,-2.03,0.0,141,67962,买盘
159,13:45:45,4.82,-2.03,0.01,14,6748,买盘
160,13:45:42,4.81,-2.24,-0.01,2,962,卖盘
161,13:45:39,4.82,-2.03,0.0,30,14460,买盘
162,13:45:35,4.82,-2.03,0.01,224,107968,买盘
163,13:45:33,4.81,-2.24,-0.01,110,52910,卖盘
164,13:45:30,4.82,-2.03,0.01,191,92062,买盘
165,13:45:27,4.81,-2.24,0.0,10,4810,卖盘
166,13:45:24,4.81,-2.24,-0.01,210,101010,卖盘
167,13:45:21,4.82,-2.03,0.0,137,66034,买盘
168,13:45:17,4.82,-2.03,0.0,119,57358,买盘
169,13:45:14,4.82,-2.03,0.01,19,9158,买盘
170,13:45:12,4.81,-2.24,0.0,34,16354,卖盘
171,13:45:08,4.81,-2.24,0.0,65,31265,卖盘
172,13:45:05,4.81,-2.24,0.0,80,38480,卖盘
173,13:45:02,4.81,-2.24,-0.01,126,60606,卖盘
174,13:44:59,4.82,-2.03,0.01,6,2892,买盘
175,13:44:56,4.81,-2.24,0.0,47,22607,卖盘
176,13:44:53,4.81,-2.24,0.0,44,21164,卖盘
177,13:44:50,4.81,-2.24,0.0,5,2405,卖盘
178,13:44:48,4.81,-2.24,0.0,12,5772,卖盘
179,13:44:44,4.81,-2.24,0.0,86,41366,卖盘
180,13:44:42,4.81,-2.24,-0.01,22,10582,卖盘
181,13:44:38,4.82,-2.03,0.0,2,964,买盘
182,13:44:35,4.82,-2.03,0.0,205,98810,买盘
183,13:44:32,4.82,-2.03,0.01,125,60250,买盘
184,13:44:26,4.81,-2.24,-0.01,6,2886,卖盘
185,13:44:23,4.82,-2.03,0.0,135,65070,买盘
186,13:44:20,4.82,-2.03,0.01,3,1446,买盘
187,13:44:17,4.81,-2.24,-0.01,92,44252,卖盘
188,13:44:14,4.82,-2.03,0.0,84,40488,买盘
189,13:44:08,4.82,-2.03,0.01,37,17834,买盘
190,13:44:02,4.81,-2.24,0.0,110,52910,卖盘
191,13:43:59,4.81,-2.24,-0.01,70,33670,卖盘
192,13:43:56,4.82,-2.03,0.01,80,38560,买盘
193,13:43:53,4.81,-2.24,-0.01,25,12025,卖盘
194,13:43:50,4.82,-2.03,0.01,33,15906,买盘
195,13:43:47,4.81,-2.24,-0.01,45,21645,卖盘
196,13:43:44,4.82,-2.03,0.01,40,19280,买盘
197,13:43:38,4.81,-2.24,-0.01,231,111111,卖盘
198,13:43:35,4.82,-2.03,0.01,150,72300,买盘
199,13:43:32,4.81,-2.24,0.0,169,81289,卖盘
200,13:43:29,4.81,-2.24,0.0,2,962,卖盘
201,13:43:26,4.81,-2.24,0.0,20,9620,卖盘
202,13:43:23,4.81,-2.24,-0.01,250,120250,卖盘
203,13:43:20,4.82,-2.03,0.01,3,1446,买盘
204,13:43:17,4.81,-2.24,0.0,1,481,卖盘
205,13:43:11,4.81,-2.24,0.0,16,7696,卖盘
206,13:43:08,4.81,-2.24,0.0,65,31265,卖盘
207,13:43:02,4.81,-2.24,-0.01,109,52429,卖盘
208,13:42:59,4.82,-2.03,0.0,10,4820,买盘
209,13:42:56,4.82,-2.03,0.0,25,12050,买盘
210,13:42:50,4.82,-2.03,0.0,1,482,买盘
211,13:42:47,4.82,-2.03,0.0,3,1446,买盘
212,13:42:44,4.82,-2.03,0.01,7,3374,买盘
213,13:42:41,4.81,-2.24,-0.01,88,42328,卖盘
214,13:42:35,4.82,-2.03,0.01,4,1928,买盘
215,13:42:32,4.81,-2.24,0.0,108,51948,卖盘
216,13:42:26,4.81,-2.24,0.0,5,2405,卖盘
217,13:42:23,4.81,-2.24,0.0,9,4329,卖盘
218,13:42:20,4.81,-2.24,0.0,13,6253,卖盘
219,13:42:14,4.81,-2.24,0.0,17,8177,中性盘
220,13:42:14,4.81,-2.24,-0.01,17,8177,卖盘
221,13:42:11,4.82,-2.03,0.01,54,26028,买盘
222,13:42:02,4.81,-2.24,0.0,111,53391,卖盘
223,13:41:59,4.81,-2.24,-0.01,5,2405,卖盘
224,13:41:56,4.82,-2.03,0.01,13,6266,买盘
225,13:41:50,4.81,-2.24,-0.01,10,4810,卖盘
226,13:41:47,4.82,-2.03,0.01,4,1928,买盘
227,13:41:44,4.81,-2.24,0.0,101,48581,卖盘
228,13:41:38,4.81,-2.24,0.0,11,5291,卖盘
229,13:41:35,4.81,-2.24,0.0,515,247715,买盘
230,13:41:32,4.81,-2.24,0.0,113,54353,买盘
231,13:41:29,4.81,-2.24,0.0,42,20202,买盘
232,13:41:26,4.81,-2.24,0.0,343,164983,买盘
233,13:41:23,4.81,-2.24,0.0,375,180375,卖盘
234,13:41:20,4.81,-2.24,0.0,6,2886,卖盘
235,13:41:17,4.81,-2.24,0.0,21,10101,卖盘
236,13:41:14,4.81,-2.24,0.0,1,481,卖盘
237,13:41:11,4.81,-2.24,0.0,95,45695,买盘
238,13:41:08,4.81,-2.24,-0.01,195,93795,中性盘
239,13:41:05,4.82,-2.03,0.02,100,48200,买盘
240,13:41:02,4.8,-2.44,-0.01,120,57600,卖盘
241,13:40:59,4.81,-2.24,0.0,96,46176,买盘
242,13:40:56,4.81,-2.24,0.0,36,17316,买盘
243,13:40:53,4.81,-2.24,0.0,25,12025,买盘
244,13:40:50,4.81,-2.24,0.0,61,29341,买盘
245,13:40:47,4.81,-2.24,0.0,205,98605,买盘
246,13:40:44,4.81,-2.24,0.01,93,44733,买盘
247,13:40:41,4.8,-2.44,-0.01,262,125760,卖盘
248,13:40:35,4.81,-2.24,0.0,166,79846,卖盘
249,13:40:32,4.81,-2.24,0.0,189,90909,卖盘
250,13:40:29,4.81,-2.24,0.0,17,8177,卖盘
251,13:40:23,4.81,-2.24,0.0,111,53391,卖盘
252,13:40:20,4.81,-2.24,0.01,194,93314,买盘
253,13:40:17,4.8,-2.44,-0.01,25,12000,卖盘
254,13:40:14,4.81,-2.24,0.0,24,11544,买盘
255,13:40:11,4.81,-2.24,0.01,146,70226,买盘
256,13:40:08,4.8,-2.44,-0.01,254,121920,卖盘
257,13:40:05,4.81,-2.24,0.0,95,45695,买盘
258,13:40:02,4.81,-2.24,0.0,271,130351,买盘
259,13:39:59,4.81,-2.24,0.01,33,15873,买盘
260,13:39:56,4.8,-2.44,-0.01,7,3360,卖盘
261,13:39:53,4.81,-2.24,0.0,34,16354,买盘
262,13:39:50,4.81,-2.24,0.0,453,217893,卖盘
263,13:39:47,4.81,-2.24,0.0,37,17797,卖盘
264,13:39:44,4.81,-2.24,0.0,41,19721,卖盘
265,13:39:41,4.81,-2.24,0.0,31,14911,卖盘
266,13:39:38,4.81,-2.24,0.0,79,37999,卖盘
267,13:39:35,4.81,-2.24,0.0,500,240500,卖盘
268,13:39:32,4.81,-2.24,-0.01,818,393458,卖盘
269,13:39:29,4.82,-2.03,0.0,30,14460,买盘
270,13:39:26,4.82,-2.03,0.0,35,16870,买盘
271,13:39:23,4.82,-2.03,0.01,1,482,买盘
272,13:39:20,4.81,-2.24,-0.01,1000,481000,卖盘
273,13:39:14,4.82,-2.03,0.0,32,15424,买盘
274,13:39:11,4.82,-2.03,0.0,52,25064,买盘
275,13:39:08,4.82,-2.03,0.01,40,19280,买盘
276,13:39:02,4.81,-2.24,-0.01,118,56758,卖盘
277,13:38:59,4.82,-2.03,0.0,50,24100,买盘
278,13:38:56,4.82,-2.03,0.0,1,482,买盘
279,13:38:53,4.82,-2.03,0.01,20,9640,买盘
280,13:38:50,4.81,-2.24,0.0,20,9620,卖盘
281,13:38:44,4.81,-2.24,0.0,143,68783,卖盘
282,13:38:41,4.81,-2.24,0.0,36,17316,卖盘
283,13:38:38,4.81,-2.24,0.0,31,14911,中性盘
284,13:38:38,4.81,-2.24,-0.01,31,14911,卖盘
285,13:38:35,4.82,-2.03,0.01,3,1446,买盘
286,13:38:32,4.81,-2.24,0.0,108,51948,卖盘
287,13:38:29,4.81,-2.24,0.0,10,4810,卖盘
288,13:38:23,4.81,-2.24,0.0,65,31265,卖盘
289,13:38:17,4.81,-2.24,0.0,47,22607,卖盘
290,13:38:14,4.81,-2.24,0.0,70,33670,卖盘
291,13:38:11,4.81,-2.24,0.0,81,38961,卖盘
292,13:38:05,4.81,-2.24,0.0,13,6253,卖盘
293,13:38:02,4.81,-2.24,0.0,173,83213,卖盘
294,13:37:59,4.81,-2.24,0.0,737,354497,买盘
295,13:37:56,4.81,-2.24,0.01,36,17316,买盘
296,13:37:53,4.8,-2.44,-0.01,164,78720,卖盘
297,13:37:50,4.81,-2.24,0.01,219,105339,卖盘
298,13:37:47,4.8,-2.44,-0.01,560,268800,卖盘
299,13:37:44,4.81,-2.24,0.01,97,46657,买盘
300,13:37:41,4.8,-2.44,-0.01,54,25920,卖盘
301,13:37:38,4.81,-2.24,0.0,1054,506974,买盘
302,13:37:35,4.81,-2.24,0.0,22,10582,买盘
303,13:37:32,4.81,-2.24,0.0,558,268398,买盘
304,13:37:29,4.81,-2.24,0.0,473,227513,买盘
305,13:37:26,4.81,-2.24,0.0,419,201539,买盘
306,13:37:23,4.81,-2.24,0.0,293,140933,买盘
307,13:37:20,4.81,-2.24,0.0,124,59644,买盘
308,13:37:14,4.81,-2.24,0.01,97,46657,买盘
309,13:37:11,4.8,-2.44,-0.01,699,335520,卖盘
310,13:37:08,4.81,-2.24,0.01,1135,545935,买盘
311,13:37:05,4.8,-2.44,0.0,1074,515520,卖盘
312,13:37:02,4.8,-2.44,-0.01,498,239040,卖盘
313,13:36:59,4.81,-2.24,0.0,112,53872,买盘
314,13:36:56,4.81,-2.24,0.01,323,155363,买盘
315,13:36:53,4.8,-2.44,-0.01,56,26880,卖盘
316,13:36:50,4.81,-2.24,0.0,69,33189,买盘
317,13:36:47,4.81,-2.24,0.0,112,53872,买盘
318,13:36:44,4.81,-2.24,0.01,671,322751,买盘
319,13:36:41,4.8,-2.44,-0.01,19,9120,卖盘
320,13:36:38,4.81,-2.24,0.0,251,120731,买盘
321,13:36:35,4.81,-2.24,0.01,48,23088,买盘
322,13:36:32,4.8,-2.44,-0.01,256,122880,卖盘
323,13:36:29,4.81,-2.24,0.0,134,64454,买盘
324,13:36:26,4.81,-2.24,0.01,47,22607,买盘
325,13:36:23,4.8,-2.44,-0.01,32,15360,卖盘
326,13:36:20,4.81,-2.24,0.0,96,46176,买盘
327,13:36:17,4.81,-2.24,0.0,176,84656,买盘
328,13:36:14,4.81,-2.24,0.0,110,52910,买盘
329,13:36:11,4.81,-2.24,0.0,852,409812,买盘
330,13:36:08,4.81,-2.24,-0.01,875,420875,卖盘
331,13:36:05,4.82,-2.03,0.01,208,100256,买盘
332,13:36:02,4.81,-2.24,0.0,143,68783,卖盘
333,13:35:56,4.81,-2.24,0.0,58,27898,卖盘
334,13:35:53,4.81,-2.24,-0.01,7,3367,卖盘
335,13:35:50,4.82,-2.03,0.01,5,2410,买盘
336,13:35:47,4.81,-2.24,0.0,1400,673400,卖盘
337,13:35:44,4.81,-2.24,0.0,44,21164,买盘
338,13:35:41,4.81,-2.24,0.0,68,32708,买盘
339,13:35:38,4.81,-2.24,0.0,34,16354,买盘
340,13:35:35,4.81,-2.24,0.0,6003,2887443,卖盘
341,13:35:32,4.81,-2.24,0.0,110,52910,卖盘
342,13:35:29,4.81,-2.24,0.0,524,252044,卖盘
343,13:35:26,4.81,-2.24,0.0,974,468494,卖盘
344,13:35:23,4.81,-2.24,0.0,40,19240,卖盘
345,13:35:20,4.81,-2.24,0.0,20,9620,卖盘
346,13:35:17,4.81,-2.24,0.0,402,193362,卖盘
347,13:35:14,4.81,-2.24,0.0,1066,512746,卖盘
348,13:35:11,4.81,-2.24,0.0,218,104858,卖盘
349,13:35:08,4.81,-2.24,0.0,2065,993265,卖盘
350,13:35:05,4.81,-2.24,-0.01,80,38480,卖盘
351,13:35:02,4.82,-2.03,0.01,119,57358,买盘
352,13:34:59,4.81,-2.24,0.0,29,13949,中性盘
353,13:34:59,4.81,-2.24,0.0,29,13949,卖盘
354,13:34:56,4.81,-2.24,0.0,205,98605,卖盘
355,13:34:53,4.81,-2.24,0.0,28,13468,卖盘
356,13:34:50,4.81,-2.24,0.0,144,69264,卖盘
357,13:34:47,4.81,-2.24,0.0,102,49062,卖盘
358,13:34:44,4.81,-2.24,-0.01,9,4329,卖盘
359,13:34:41,4.82,-2.03,0.01,3243,1563126,买盘
360,13:34:38,4.81,-2.24,0.0,13,6253,卖盘
361,13:34:35,4.81,-2.24,-0.01,14,6734,卖盘
362,13:34:32,4.82,-2.03,0.01,197,94954,买盘
363,13:34:29,4.81,-2.24,-0.01,180,86580,卖盘
364,13:34:26,4.82,-2.03,0.0,1,482,买盘
365,13:34:23,4.82,-2.03,0.01,333,160506,买盘
366,13:34:20,4.81,-2.24,0.0,293,140933,卖盘
367,13:34:17,4.81,-2.24,0.0,1546,743626,卖盘
368,13:34:14,4.81,-2.24,-0.01,30,14430,卖盘
369,13:34:11,4.82,-2.03,0.0,212,102184,买盘
370,13:34:08,4.82,-2.03,0.01,163,78566,买盘
371,13:34:05,4.81,-2.24,-0.01,910,437710,卖盘
372,13:34:02,4.82,-2.03,0.0,237,114234,买盘
373,13:33:59,4.82,-2.03,0.0,39,18798,买盘
374,13:33:56,4.82,-2.03,0.0,18,8676,买盘
375,13:33:53,4.82,-2.03,0.0,16,7712,买盘
376,13:33:50,4.82,-2.03,0.0,80,38560,买盘
377,13:33:47,4.82,-2.03,0.0,376,181232,卖盘
378,13:33:44,4.82,-2.03,0.0,137,66034,卖盘
379,13:33:41,4.82,-2.03,0.0,6,2892,卖盘
380,13:33:38,4.82,-2.03,0.0,3,1446,卖盘
381,13:33:34,4.82,-2.03,0.0,14,6748,卖盘
382,13:33:32,4.82,-2.03,0.0,161,77602,卖盘
383,13:33:29,4.82,-2.03,0.0,1516,730712,卖盘
384,13:33:26,4.82,-2.03,-0.01,20,9640,卖盘
385,13:33:22,4.83,-1.83,0.01,128,61824,买盘
386,13:33:19,4.82,-2.03,0.0,402,193764,卖盘
387,13:33:17,4.82,-2.03,-0.01,2833,1365506,卖盘
388,13:33:11,4.83,-1.83,0.01,12,5796,买盘
389,13:33:08,4.82,-2.03,-0.01,2,964,卖盘
390,13:33:05,4.83,-1.83,0.01,2,966,买盘
391,13:33:02,4.82,-2.03,0.0,159,76638,卖盘
392,13:32:59,4.82,-2.03,0.0,11,5302,卖盘
393,13:32:53,4.82,-2.03,0.0,2,964,卖盘
394,13:32:50,4.82,-2.03,0.0,1000,482000,卖盘
395,13:32:47,4.82,-2.03,0.0,55,26510,卖盘
396,13:32:44,4.82,-2.03,0.0,10,4820,卖盘
397,13:32:40,4.82,-2.03,0.0,1,482,卖盘
398,13:32:35,4.82,-2.03,0.0,606,292092,卖盘
399,13:32:31,4.82,-2.03,0.0,172,82904,卖盘
400,13:32:28,4.82,-2.03,-0.01,80,38560,卖盘
401,13:32:25,4.83,-1.83,0.0,4,1932,买盘
402,13:32:22,4.83,-1.83,0.0,133,64239,买盘
403,13:32:20,4.83,-1.83,0.01,5,2415,买盘
404,13:32:16,4.82,-2.03,0.0,11,5302,卖盘
405,13:32:13,4.82,-2.03,0.0,2,964,卖盘
406,13:32:10,4.82,-2.03,-0.01,82,39524,卖盘
407,13:32:07,4.83,-1.83,0.01,70,33810,买盘
408,13:32:04,4.82,-2.03,0.0,94,45308,卖盘
409,13:32:01,4.82,-2.03,0.0,134,64588,卖盘
410,13:31:58,4.82,-2.03,0.0,1,482,卖盘
411,13:31:55,4.82,-2.03,-0.01,205,98810,卖盘
412,13:31:53,4.83,-1.83,0.01,64,30912,买盘
413,13:31:49,4.82,-2.03,-0.01,100,48200,卖盘
414,13:31:43,4.83,-1.83,0.0,10,4830,买盘
415,13:31:40,4.83,-1.83,0.0,20,9660,买盘
416,13:31:34,4.83,-1.83,0.0,113,54579,买盘
417,13:31:25,4.83,-1.83,0.0,20,9660,买盘
418,13:31:19,4.83,-1.83,0.0,11,5313,中性盘
419,13:31:19,4.83,-1.83,0.01,11,5313,买盘
420,13:31:13,4.82,-2.03,0.0,93,44826,卖盘
421,13:31:10,4.82,-2.03,0.0,78,37596,卖盘
422,13:31:07,4.82,-2.03,0.0,100,48200,卖盘
423,13:31:04,4.82,-2.03,0.0,109,52538,卖盘
424,13:31:01,4.82,-2.03,0.0,29,13978,卖盘
425,13:30:58,4.82,-2.03,0.0,83,40006,卖盘
426,13:30:52,4.82,-2.03,0.0,2,964,卖盘
427,13:30:46,4.82,-2.03,0.0,50,24100,卖盘
428,13:30:43,4.82,-2.03,-0.01,102,49164,卖盘
429,13:30:40,4.83,-1.83,0.0,61,29463,卖盘
430,13:30:37,4.83,-1.83,0.0,15,7245,卖盘
431,13:30:34,4.83,-1.83,0.0,113,54579,卖盘
432,13:30:31,4.83,-1.83,0.0,225,108675,买盘
433,13:30:28,4.83,-1.83,0.0,10,4830,买盘
434,13:30:22,4.83,-1.83,0.0,7,3381,买盘
435,13:30:19,4.83,-1.83,0.0,5,2415,买盘
436,13:30:13,4.83,-1.83,0.01,4,1932,买盘
437,13:30:10,4.82,-2.03,0.0,103,49646,卖盘
438,13:30:07,4.82,-2.03,-0.01,19,9158,卖盘
439,13:30:04,4.83,-1.83,0.0,206,99498,买盘
440,13:30:01,4.83,-1.83,0.0,1383,667989,卖盘
441,13:29:58,4.83,-1.83,0.0,9,4347,卖盘
442,13:29:55,4.83,-1.83,0.0,82,39606,卖盘
443,13:29:49,4.83,-1.83,0.0,1085,524055,卖盘
444,13:29:46,4.83,-1.83,0.0,1007,486381,卖盘
445,13:29:43,4.83,-1.83,0.0,80,38640,卖盘
446,13:29:40,4.83,-1.83,-0.01,1151,555933,卖盘
447,13:29:37,4.84,-1.63,0.01,181,87604,买盘
448,13:29:34,4.83,-1.83,0.0,154,74382,卖盘
449,13:29:31,4.83,-1.83,0.0,67,32361,卖盘
450,13:29:28,4.83,-1.83,0.0,4263,2059029,卖盘
451,13:29:25,4.83,-1.83,-0.01,16,7728,卖盘
452,13:29:19,4.84,-1.63,0.0,2,968,买盘
453,13:29:16,4.84,-1.63,0.0,10,4840,买盘
454,13:29:13,4.84,-1.63,0.0,2,968,买盘
455,13:29:10,4.84,-1.63,0.0,2,968,买盘
456,13:29:07,4.84,-1.63,0.01,10,4840,买盘
457,13:29:04,4.83,-1.83,0.0,298,143934,卖盘
458,13:29:01,4.83,-1.83,-0.01,47,22701,卖盘
459,13:28:55,4.84,-1.63,0.01,30,14520,买盘
460,13:28:52,4.83,-1.83,0.0,2,966,卖盘
461,13:28:40,4.83,-1.83,-0.01,1880,908040,卖盘
462,13:28:37,4.84,-1.63,0.01,4,1936,买盘
463,13:28:34,4.83,-1.83,-0.01,188,90804,卖盘
464,13:28:28,4.84,-1.63,0.0,166,80344,买盘
465,13:28:25,4.84,-1.63,0.0,4,1936,买盘
466,13:28:22,4.84,-1.63,0.01,3,1452,买盘
467,13:28:19,4.83,-1.83,-0.01,1,483,卖盘
468,13:28:16,4.84,-1.63,0.01,4,1936,买盘
469,13:28:13,4.83,-1.83,-0.01,132,63756,卖盘
470,13:28:10,4.84,-1.63,0.01,240,116160,买盘
471,13:28:07,4.83,-1.83,0.0,11,5313,卖盘
472,13:28:04,4.83,-1.83,0.0,121,58443,卖盘
473,13:28:01,4.83,-1.83,0.0,1,483,卖盘
474,13:27:58,4.83,-1.83,0.0,15,7245,卖盘
475,13:27:55,4.83,-1.83,0.0,15,7245,卖盘
476,13:27:48,4.83,-1.83,0.0,1,483,卖盘
477,13:27:39,4.83,-1.83,0.0,1,483,中性盘
478,13:27:39,4.83,-1.83,-0.01,1,483,卖盘
479,13:27:37,4.84,-1.63,0.0,310,150040,买盘
480,13:27:34,4.84,-1.63,0.0,1669,807796,买盘
481,13:27:31,4.84,-1.63,0.01,1,484,买盘
482,13:27:28,4.83,-1.83,-0.01,51,24633,卖盘
483,13:27:24,4.84,-1.63,0.01,42,20328,买盘
484,13:27:22,4.83,-1.83,-0.01,36,17388,卖盘
485,13:27:19,4.84,-1.63,0.01,45,21780,买盘
486,13:27:16,4.83,-1.83,-0.01,47,22701,卖盘
487,13:27:13,4.84,-1.63,0.01,108,52272,买盘
488,13:27:09,4.83,-1.83,-0.01,645,311535,卖盘
489,13:27:06,4.84,-1.63,0.0,38,18392,买盘
490,13:27:03,4.84,-1.63,0.01,439,212476,买盘
491,13:27:00,4.83,-1.83,0.0,1,483,卖盘
492,13:26:57,4.83,-1.83,0.0,3,1449,卖盘
493,13:26:54,4.83,-1.83,-0.01,14,6762,卖盘
494,13:26:51,4.84,-1.63,0.01,47,22748,买盘
495,13:26:48,4.83,-1.83,-0.01,54,26082,卖盘
496,13:26:45,4.84,-1.63,0.01,37,17908,买盘
497,13:26:42,4.83,-1.83,-0.01,101,48783,卖盘
498,13:26:36,4.84,-1.63,0.01,21,10164,买盘
499,13:26:33,4.83,-1.83,-0.01,109,52647,卖盘
500,13:26:30,4.84,-1.63,0.01,47,22748,买盘
501,13:26:27,4.83,-1.83,0.0,18,8694,卖盘
502,13:26:24,4.83,-1.83,-0.01,1590,767970,卖盘
503,13:26:18,4.84,-1.63,0.01,71,34364,买盘
504,13:26:12,4.83,-1.83,0.0,1,483,卖盘
505,13:26:09,4.83,-1.83,-0.01,1012,488796,卖盘
506,13:26:06,4.84,-1.63,0.01,12,5808,买盘
507,13:26:03,4.83,-1.83,0.0,749,361767,卖盘
508,13:26:00,4.83,-1.83,0.0,20,9660,卖盘
509,13:25:57,4.83,-1.83,-0.01,1243,600369,卖盘
510,13:25:54,4.84,-1.63,0.0,8,3872,买盘
511,13:25:51,4.84,-1.63,0.0,5,2420,买盘
512,13:25:48,4.84,-1.63,0.01,49,23716,买盘
513,13:25:42,4.83,-1.83,-0.01,9,4347,卖盘
514,13:25:39,4.84,-1.63,0.0,4,1936,买盘
515,13:25:36,4.84,-1.63,0.01,186,90024,买盘
516,13:25:33,4.83,-1.83,0.0,108,52164,卖盘
517,13:25:30,4.83,-1.83,-0.01,31,14973,卖盘
518,13:25:27,4.84,-1.63,0.01,63,30492,买盘
519,13:25:24,4.83,-1.83,-0.01,1,483,卖盘
520,13:25:21,4.84,-1.63,0.01,15,7260,买盘
521,13:25:18,4.83,-1.83,-0.01,1,483,卖盘
522,13:25:15,4.84,-1.63,0.01,10,4840,买盘
523,13:25:12,4.83,-1.83,-0.01,1,483,卖盘
524,13:25:09,4.84,-1.63,0.0,34,16456,买盘
525,13:25:06,4.84,-1.63,0.0,9,4356,买盘
526,13:25:03,4.84,-1.63,0.0,187,90508,买盘
527,13:25:00,4.84,-1.63,0.0,50,24200,买盘
528,13:24:57,4.84,-1.63,0.0,1,484,买盘
529,13:24:51,4.84,-1.63,0.0,38,18392,买盘
530,13:24:45,4.84,-1.63,0.0,230,111320,卖盘
531,13:24:42,4.84,-1.63,0.01,10,4840,卖盘
532,13:24:33,4.83,-1.83,0.0,109,52647,卖盘
533,13:24:30,4.83,-1.83,-0.01,3,1449,卖盘
534,13:24:24,4.84,-1.63,0.0,268,129712,买盘
535,13:24:21,4.84,-1.63,0.0,2,968,买盘
536,13:24:18,4.84,-1.63,0.0,10,4840,买盘
537,13:24:15,4.84,-1.63,0.0,39,18876,买盘
538,13:24:11,4.84,-1.63,0.0,52,25168,买盘
539,13:24:06,4.84,-1.63,0.0,645,312180,买盘
540,13:24:06,4.84,-1.63,0.0,645,312180,中性盘
541,13:24:06,4.84,-1.63,0.0,645,312180,卖盘
542,13:24:03,4.84,-1.63,0.0,109,52756,卖盘
543,13:24:00,4.84,-1.63,0.0,291,140844,卖盘
544,13:23:57,4.84,-1.63,0.0,12,5808,卖盘
545,13:23:54,4.84,-1.63,0.0,16,7744,卖盘
546,13:23:48,4.84,-1.63,-0.01,21,10164,卖盘
547,13:23:41,4.85,-1.42,0.01,10,4850,买盘
548,13:23:38,4.84,-1.63,0.0,10,4840,买盘
549,13:23:35,4.84,-1.63,0.01,10,4840,买盘
550,13:23:32,4.83,-1.83,-0.01,209,100947,卖盘
551,13:23:29,4.84,-1.63,0.0,4,1936,卖盘
552,13:23:26,4.84,-1.63,0.0,6,2904,卖盘
553,13:23:23,4.84,-1.63,0.0,32,15488,卖盘
554,13:23:20,4.84,-1.63,0.0,10,4840,卖盘
555,13:23:17,4.84,-1.63,0.0,2,968,卖盘
556,13:23:14,4.84,-1.63,0.01,316,152944,买盘
557,13:23:11,4.83,-1.83,-0.01,4,1932,卖盘
558,13:23:08,4.84,-1.63,0.0,6,2904,买盘
559,13:23:05,4.84,-1.63,0.01,2,968,买盘
560,13:23:02,4.83,-1.83,0.0,1188,573804,卖盘
561,13:22:59,4.83,-1.83,-0.01,65,31395,卖盘
562,13:22:53,4.84,-1.63,0.0,10,4840,买盘
563,13:22:50,4.84,-1.63,0.0,27,13068,买盘
564,13:22:47,4.84,-1.63,0.0,10,4840,买盘
565,13:22:41,4.84,-1.63,0.0,1,484,买盘
566,13:22:38,4.84,-1.63,0.0,2,968,买盘
567,13:22:32,4.84,-1.63,0.0,119,57596,买盘
568,13:22:29,4.84,-1.63,0.0,197,95348,买盘
569,13:22:26,4.84,-1.63,0.01,5,2420,买盘
570,13:22:23,4.83,-1.83,0.0,6,2898,卖盘
571,13:22:20,4.83,-1.83,-0.01,3,1449,卖盘
572,13:22:17,4.84,-1.63,0.0,81,39204,买盘
573,13:22:11,4.84,-1.63,0.0,20,9680,买盘
574,13:22:08,4.84,-1.63,0.01,2,968,买盘
575,13:22:02,4.83,-1.83,0.0,110,53130,卖盘
576,13:21:53,4.83,-1.83,0.0,4,1932,卖盘
577,13:21:50,4.83,-1.83,0.0,16,7728,卖盘
578,13:21:41,4.83,-1.83,0.0,10,4830,卖盘
579,13:21:38,4.83,-1.83,-0.01,7,3381,卖盘
580,13:21:35,4.84,-1.63,0.01,60,29040,买盘
581,13:21:32,4.83,-1.83,0.0,109,52647,卖盘
582,13:21:29,4.83,-1.83,-0.01,8,3864,卖盘
583,13:21:26,4.84,-1.63,0.01,7,3388,买盘
584,13:21:20,4.83,-1.83,0.0,27,13041,卖盘
585,13:21:17,4.83,-1.83,-0.01,18,8694,卖盘
586,13:21:11,4.84,-1.63,0.0,107,51788,买盘
587,13:21:05,4.84,-1.63,0.01,6,2904,买盘
588,13:21:02,4.83,-1.83,-0.01,404,195132,卖盘
589,13:20:59,4.84,-1.63,0.0,2,968,买盘
590,13:20:56,4.84,-1.63,-0.01,18,8712,卖盘
591,13:20:53,4.85,-1.42,0.01,58,28130,买盘
592,13:20:50,4.84,-1.63,0.0,6,2904,卖盘
593,13:20:47,4.84,-1.63,0.0,4,1936,卖盘
594,13:20:44,4.84,-1.63,-0.01,226,109384,卖盘
595,13:20:38,4.85,-1.42,0.01,50,24250,买盘
596,13:20:35,4.84,-1.63,0.0,13,6292,卖盘
597,13:20:32,4.84,-1.63,0.0,142,68728,卖盘
598,13:20:17,4.84,-1.63,0.0,56,27104,中性盘
599,13:20:17,4.84,-1.63,0.0,56,27104,卖盘
600,13:20:11,4.84,-1.63,0.0,255,123420,卖盘
601,13:20:08,4.84,-1.63,0.01,916,443344,买盘
602,13:20:05,4.83,-1.83,0.0,34,16422,卖盘
603,13:20:02,4.83,-1.83,0.0,109,52647,卖盘
604,13:19:56,4.83,-1.83,-0.01,30,14490,卖盘
605,13:19:53,4.84,-1.63,0.0,22,10648,买盘
606,13:19:50,4.84,-1.63,0.0,3,1452,买盘
607,13:19:47,4.84,-1.63,0.0,76,36784,买盘
608,13:19:44,4.84,-1.63,0.0,10,4840,买盘
609,13:19:41,4.84,-1.63,0.01,15,7260,买盘
610,13:19:32,4.83,-1.83,0.0,121,58443,卖盘
611,13:19:29,4.83,-1.83,0.0,36,17388,卖盘
612,13:19:23,4.83,-1.83,-0.01,38,18354,卖盘
613,13:19:20,4.84,-1.63,0.0,2,968,买盘
614,13:19:17,4.84,-1.63,0.0,30,14520,买盘
615,13:19:14,4.84,-1.63,0.0,282,136488,卖盘
616,13:19:11,4.84,-1.63,-0.01,6,2904,卖盘
617,13:19:08,4.85,-1.42,0.0,0,0,买盘
618,13:19:05,4.85,-1.42,0.02,2,970,买盘
619,13:19:02,4.83,-1.83,0.0,109,52647,卖盘
620,13:18:59,4.83,-1.83,-0.02,20,9660,卖盘
621,13:18:53,4.85,-1.42,0.0,1,485,买盘
622,13:18:50,4.85,-1.42,0.0,2,970,买盘
623,13:18:44,4.85,-1.42,0.02,100,48500,买盘
624,13:18:32,4.83,-1.83,-0.01,116,56028,卖盘
625,13:18:29,4.84,-1.63,0.0,14,6776,卖盘
626,13:18:26,4.84,-1.63,0.0,10,4840,卖盘
627,13:18:23,4.84,-1.63,-0.01,4,1936,卖盘
628,13:18:20,4.85,-1.42,0.01,5,2425,买盘
629,13:18:14,4.84,-1.63,0.0,13,6292,卖盘
630,13:18:11,4.84,-1.63,0.0,43,20812,卖盘
631,13:18:08,4.84,-1.63,-0.01,32,15488,卖盘
632,13:18:05,4.85,-1.42,0.01,32,15520,买盘
633,13:18:02,4.84,-1.63,0.0,151,73084,卖盘
634,13:17:56,4.84,-1.63,0.0,9,4356,卖盘
635,13:17:53,4.84,-1.63,0.0,34,16456,卖盘
636,13:17:50,4.84,-1.63,0.0,27,13068,卖盘
637,13:17:47,4.84,-1.63,0.0,201,97284,卖盘
638,13:17:44,4.84,-1.63,0.0,282,136488,卖盘
639,13:17:38,4.84,-1.63,0.0,75,36300,卖盘
640,13:17:32,4.84,-1.63,0.0,190,91960,卖盘
641,13:17:29,4.84,-1.63,-0.01,10,4840,卖盘
642,13:17:23,4.85,-1.42,0.01,98,47530,买盘
643,13:17:17,4.84,-1.63,0.0,1,484,卖盘
644,13:17:08,4.84,-1.63,0.0,25,12100,卖盘
645,13:17:05,4.84,-1.63,0.0,1100,532400,卖盘
646,13:17:02,4.84,-1.63,0.0,122,59048,卖盘
647,13:16:59,4.84,-1.63,0.0,3,1452,卖盘
648,13:16:56,4.84,-1.63,0.0,78,37752,卖盘
649,13:16:53,4.84,-1.63,0.0,50,24200,卖盘
650,13:16:50,4.84,-1.63,0.0,2,968,卖盘
651,13:16:50,4.84,-1.63,0.0,2,968,中性盘
652,13:16:50,4.84,-1.63,0.0,2,968,卖盘
653,13:16:47,4.84,-1.63,-0.01,2,968,卖盘
654,13:16:44,4.85,-1.42,0.01,12,5820,买盘
655,13:16:41,4.84,-1.63,0.0,1,484,卖盘
656,13:16:38,4.84,-1.63,0.0,2,968,卖盘
657,13:16:35,4.84,-1.63,-0.01,14,6776,卖盘
658,13:16:32,4.85,-1.42,0.01,117,56745,买盘
659,13:16:29,4.84,-1.63,0.0,3,1452,卖盘
660,13:16:26,4.84,-1.63,0.0,1,484,卖盘
661,13:16:23,4.84,-1.63,0.0,17,8228,卖盘
662,13:16:20,4.84,-1.63,0.0,1,484,卖盘
663,13:16:17,4.84,-1.63,0.0,6,2904,卖盘
664,13:16:14,4.84,-1.63,0.0,2,968,卖盘
665,13:16:11,4.84,-1.63,0.0,47,22748,卖盘
666,13:16:08,4.84,-1.63,0.0,7,3388,卖盘
667,13:16:05,4.84,-1.63,0.0,50,24200,买盘
668,13:16:02,4.84,-1.63,0.0,575,278300,卖盘
669,13:15:59,4.84,-1.63,0.0,3,1452,卖盘
670,13:15:56,4.84,-1.63,0.0,52,25168,卖盘
671,13:15:53,4.84,-1.63,0.0,2,968,卖盘
672,13:15:50,4.84,-1.63,0.0,1,484,卖盘
673,13:15:47,4.84,-1.63,0.0,49,23716,卖盘
674,13:15:44,4.84,-1.63,0.0,2,968,卖盘
675,13:15:41,4.84,-1.63,0.0,2,968,卖盘
676,13:15:38,4.84,-1.63,0.0,7,3388,卖盘
677,13:15:35,4.84,-1.63,0.0,76,36784,卖盘
678,13:15:32,4.84,-1.63,0.0,112,54208,卖盘
679,13:15:29,4.84,-1.63,0.0,13,6292,卖盘
680,13:15:26,4.84,-1.63,0.0,3,1452,卖盘
681,13:15:23,4.84,-1.63,0.0,1,484,卖盘
682,13:15:20,4.84,-1.63,0.0,3,1452,卖盘
683,13:15:17,4.84,-1.63,0.0,1,484,卖盘
684,13:15:14,4.84,-1.63,0.0,1,484,卖盘
685,13:15:11,4.84,-1.63,-0.01,3,1452,卖盘
686,13:15:08,4.85,-1.42,0.01,4034,1956490,买盘
687,13:15:05,4.84,-1.63,-0.01,6,2904,卖盘
688,13:15:02,4.85,-1.42,0.01,134,64990,买盘
689,13:14:59,4.84,-1.63,0.0,1,484,卖盘
690,13:14:56,4.84,-1.63,0.0,3,1452,卖盘
691,13:14:53,4.84,-1.63,0.0,1,484,卖盘
692,13:14:50,4.84,-1.63,0.0,14,6776,卖盘
693,13:14:47,4.84,-1.63,0.0,2,968,卖盘
694,13:14:44,4.84,-1.63,0.0,2,968,卖盘
695,13:14:41,4.84,-1.63,0.01,230,111320,买盘
696,13:14:38,4.83,-1.83,0.0,38,18354,卖盘
697,13:14:35,4.83,-1.83,0.0,302,145866,卖盘
698,13:14:32,4.83,-1.83,0.0,133,64239,卖盘
699,13:14:29,4.83,-1.83,0.0,23,11109,卖盘
700,13:14:26,4.83,-1.83,-0.01,4,1932,卖盘
701,13:14:23,4.84,-1.63,0.01,34,16456,买盘
702,13:14:20,4.83,-1.83,0.0,3,1449,卖盘
703,13:14:17,4.83,-1.83,0.0,1,483,卖盘
704,13:14:14,4.83,-1.83,0.0,3,1449,卖盘
705,13:14:11,4.83,-1.83,-0.01,12,5796,卖盘
706,13:14:08,4.84,-1.63,0.0,3,1452,卖盘
707,13:14:05,4.84,-1.63,0.01,13,6292,中性盘
708,13:14:02,4.83,-1.83,-0.01,111,53613,卖盘
709,13:13:59,4.84,-1.63,0.0,3,1452,卖盘
710,13:13:56,4.84,-1.63,0.0,15,7260,卖盘
711,13:13:53,4.84,-1.63,0.0,2010,972840,卖盘
712,13:13:50,4.84,-1.63,0.0,11,5324,卖盘
713,13:13:47,4.84,-1.63,0.0,3,1452,卖盘
714,13:13:44,4.84,-1.63,0.0,150,72600,卖盘
715,13:13:35,4.84,-1.63,0.0,20,9680,卖盘
716,13:13:32,4.84,-1.63,0.0,109,52756,卖盘
717,13:13:29,4.84,-1.63,0.0,2740,1326160,卖盘
718,13:13:17,4.84,-1.63,0.0,7,3388,卖盘
719,13:13:08,4.84,-1.63,0.0,51,24684,中性盘
720,13:13:08,4.84,-1.63,0.0,51,24684,买盘
721,13:13:05,4.84,-1.63,0.0,2,968,买盘
722,13:13:02,4.84,-1.63,0.0,129,62436,买盘
723,13:12:59,4.84,-1.63,0.0,1,484,买盘
724,13:12:53,4.84,-1.63,0.0,1,484,买盘
725,13:12:50,4.84,-1.63,0.0,24,11616,买盘
726,13:12:47,4.84,-1.63,0.0,27,13068,买盘
727,13:12:44,4.84,-1.63,0.0,0,0,中性盘
728,13:12:40,4.84,-1.63,0.0,10,4840,买盘
729,13:12:38,4.84,-1.63,0.01,20,9680,卖盘
730,13:12:35,4.83,-1.83,0.0,0,0,卖盘
731,13:12:32,4.83,-1.83,-0.01,184,88872,卖盘
732,13:12:26,4.84,-1.63,-0.01,87,42108,卖盘
733,13:12:22,4.85,-1.42,0.0,1,485,买盘
734,13:12:20,4.85,-1.42,0.0,63,30555,买盘
735,13:12:16,4.85,-1.42,0.0,1,485,买盘
736,13:12:01,4.85,-1.42,0.01,111,53835,买盘
737,13:11:53,4.84,-1.63,0.0,9,4356,卖盘
738,13:11:50,4.84,-1.63,0.0,23,11132,卖盘
739,13:11:47,4.84,-1.63,0.01,3,1452,中性盘
740,13:11:43,4.83,-1.83,-0.01,188,90804,卖盘
741,13:11:38,4.84,-1.63,0.01,31,15004,中性盘
742,13:11:31,4.83,-1.83,-0.02,109,52647,卖盘
743,13:11:29,4.85,-1.42,0.0,0,0,买盘
744,13:11:22,4.85,-1.42,0.02,146,70810,买盘
745,13:11:16,4.83,-1.83,-0.01,1,483,卖盘
746,13:11:13,4.84,-1.63,-0.01,4,1936,卖盘
747,13:11:04,4.85,-1.42,0.02,16,7760,买盘
748,13:11:01,4.83,-1.83,-0.02,109,52647,卖盘
749,13:10:58,4.85,-1.42,0.01,27,13095,买盘
750,13:10:55,4.84,-1.63,0.0,64,30976,买盘
751,13:10:53,4.84,-1.63,0.0,54,26136,卖盘
752,13:10:49,4.84,-1.63,0.0,8,3872,卖盘
753,13:10:46,4.84,-1.63,0.0,2,968,卖盘
754,13:10:37,4.84,-1.63,0.0,17,8228,卖盘
755,13:10:34,4.84,-1.63,0.0,22,10648,卖盘
756,13:10:31,4.84,-1.63,0.01,537,259908,买盘
757,13:10:25,4.83,-1.83,0.0,292,141036,卖盘
758,13:10:22,4.83,-1.83,-0.01,1,483,卖盘
759,13:10:19,4.84,-1.63,0.0,189,91476,买盘
760,13:10:16,4.84,-1.63,0.01,30,14520,买盘
761,13:10:13,4.83,-1.83,-0.01,2,966,卖盘
762,13:10:10,4.84,-1.63,0.0,8,3872,买盘
763,13:10:07,4.84,-1.63,0.0,24,11616,买盘
764,13:10:04,4.84,-1.63,0.0,71,34364,卖盘
765,13:10:01,4.84,-1.63,0.0,363,175692,卖盘
766,13:09:55,4.84,-1.63,0.0,2,968,卖盘
767,13:09:52,4.84,-1.63,0.0,238,115192,买盘
768,13:09:46,4.84,-1.63,-0.01,33,15972,卖盘
769,13:09:40,4.85,-1.42,0.01,35,16975,买盘
770,13:09:37,4.84,-1.63,0.0,446,215864,卖盘
771,13:09:34,4.84,-1.63,-0.01,109,52756,卖盘
772,13:09:25,4.85,-1.42,-0.01,77,37345,中性盘
773,13:09:25,4.85,-1.42,0.0,77,37345,买盘
774,13:09:22,4.85,-1.42,0.01,316,153260,买盘
775,13:09:19,4.84,-1.63,-0.01,7,3388,卖盘
776,13:09:16,4.85,-1.42,0.0,41,19885,买盘
777,13:09:13,4.85,-1.42,0.0,50,24250,买盘
778,13:09:10,4.85,-1.42,0.01,10,4850,买盘
779,13:09:07,4.84,-1.63,-0.01,3,1452,卖盘
780,13:09:04,4.85,-1.42,0.0,151,73235,买盘
781,13:09:01,4.85,-1.42,0.01,612,296820,买盘
782,13:08:55,4.84,-1.63,-0.01,16,7744,卖盘
783,13:08:52,4.85,-1.42,0.0,28,13580,买盘
784,13:08:46,4.85,-1.42,0.0,10,4850,买盘
785,13:08:43,4.85,-1.42,0.01,32,15520,买盘
786,13:08:34,4.84,-1.63,0.0,111,53724,卖盘
787,13:08:22,4.84,-1.63,0.0,34,16456,卖盘
788,13:08:19,4.84,-1.63,0.0,4,1936,卖盘
789,13:08:16,4.84,-1.63,0.0,56,27104,卖盘
790,13:08:13,4.84,-1.63,-0.01,1046,506264,卖盘
791,13:08:07,4.85,-1.42,0.0,2,970,买盘
792,13:08:04,4.85,-1.42,0.01,238,115430,买盘
793,13:08:01,4.84,-1.63,0.0,1,484,卖盘
794,13:07:58,4.84,-1.63,0.0,7,3388,卖盘
795,13:07:52,4.84,-1.63,0.0,5,2420,卖盘
796,13:07:40,4.84,-1.63,0.0,5,2420,卖盘
797,13:07:37,4.84,-1.63,0.0,283,136972,卖盘
798,13:07:34,4.84,-1.63,-0.01,109,52756,卖盘
799,13:07:28,4.85,-1.42,0.01,10,4850,买盘
800,13:07:10,4.84,-1.63,-0.01,969,468996,卖盘
801,13:07:04,4.85,-1.42,0.0,604,292940,买盘
802,13:07:01,4.85,-1.42,0.01,1,485,买盘
803,13:06:55,4.84,-1.63,-0.01,5,2420,卖盘
804,13:06:52,4.85,-1.42,0.0,12,5820,买盘
805,13:06:49,4.85,-1.42,0.01,31,15035,买盘
806,13:06:46,4.84,-1.63,-0.01,191,92444,卖盘
807,13:06:42,4.85,-1.42,0.0,118,57230,买盘
808,13:06:40,4.85,-1.42,0.01,8,3880,买盘
809,13:06:37,4.84,-1.63,0.0,21,10164,卖盘
810,13:06:34,4.84,-1.63,-0.01,109,52756,卖盘
811,13:06:31,4.85,-1.42,0.0,1,485,买盘
812,13:06:28,4.85,-1.42,0.0,114,55290,买盘
813,13:06:19,4.85,-1.42,0.0,58,28130,买盘
814,13:06:16,4.85,-1.42,0.01,37,17945,买盘
815,13:06:13,4.84,-1.63,-0.01,263,127292,卖盘
816,13:06:09,4.85,-1.42,0.01,20,9700,买盘
817,13:06:06,4.84,-1.63,0.0,37,17908,卖盘
818,13:06:03,4.84,-1.63,-0.01,167,80828,卖盘
819,13:06:00,4.85,-1.42,0.01,2,970,买盘
820,13:05:51,4.84,-1.63,0.0,2,968,中性盘
821,13:05:51,4.84,-1.63,0.0,2,968,卖盘
822,13:05:33,4.84,-1.63,-0.01,108,52272,卖盘
823,13:05:30,4.85,-1.42,0.01,20,9700,买盘
824,13:05:27,4.84,-1.63,0.0,101,48884,卖盘
825,13:05:18,4.84,-1.63,-0.01,6,2904,卖盘
826,13:05:15,4.85,-1.42,0.0,52,25220,卖盘
827,13:05:06,4.85,-1.42,-0.01,9,4365,卖盘
828,13:05:03,4.86,-1.22,0.01,111,53946,买盘
829,13:05:00,4.85,-1.42,0.0,2,970,卖盘
830,13:04:48,4.85,-1.42,0.0,7,3395,卖盘
831,13:04:45,4.85,-1.42,-0.01,30,14550,卖盘
832,13:04:42,4.86,-1.22,0.01,10,4860,买盘
833,13:04:39,4.85,-1.42,-0.01,1,485,卖盘
834,13:04:36,4.86,-1.22,0.01,77,37422,买盘
835,13:04:33,4.85,-1.42,0.0,663,321555,卖盘
836,13:04:27,4.85,-1.42,-0.01,2,970,卖盘
837,13:04:24,4.86,-1.22,0.01,38,18468,买盘
838,13:04:15,4.85,-1.42,-0.01,3,1455,卖盘
839,13:04:12,4.86,-1.22,0.0,3,1458,买盘
840,13:04:03,4.86,-1.22,0.0,115,55890,买盘
841,13:04:00,4.86,-1.22,0.0,4,1944,买盘
842,13:03:57,4.86,-1.22,0.0,50,24300,买盘
843,13:03:54,4.86,-1.22,0.01,202,98172,买盘
844,13:03:45,4.85,-1.42,-0.01,8,3880,卖盘
845,13:03:42,4.86,-1.22,0.01,7,3402,买盘
846,13:03:33,4.85,-1.42,-0.01,109,52865,卖盘
847,13:03:24,4.86,-1.22,0.01,10,4860,买盘
848,13:03:18,4.85,-1.42,0.01,2,970,卖盘
849,13:03:15,4.84,-1.63,-0.01,776,375584,卖盘
850,13:03:12,4.85,-1.42,0.0,46,22310,买盘
851,13:03:06,4.85,-1.42,0.0,52,25220,买盘
852,13:03:03,4.85,-1.42,0.0,112,54320,买盘
853,13:03:00,4.85,-1.42,0.0,37,17945,买盘
854,13:02:57,4.85,-1.42,0.0,3,1455,买盘
855,13:02:51,4.85,-1.42,-0.01,14,6790,买盘
856,13:02:47,4.86,-1.22,0.01,1243,604098,买盘
857,13:02:36,4.85,-1.42,0.0,134,64990,卖盘
858,13:02:33,4.85,-1.42,-0.01,116,56260,卖盘
859,13:02:29,4.86,-1.22,0.01,13,6318,买盘
860,13:02:27,4.85,-1.42,0.0,11,5335,卖盘
861,13:02:17,4.85,-1.42,0.0,2,970,卖盘
862,13:02:17,4.85,-1.42,0.0,2,970,中性盘
863,13:02:17,4.85,-1.42,-0.01,2,970,卖盘
864,13:02:08,4.86,-1.22,0.0,23,11178,买盘
865,13:02:02,4.86,-1.22,0.01,111,53946,买盘
866,13:01:59,4.85,-1.42,-0.01,2,970,卖盘
867,13:01:53,4.86,-1.22,0.0,77,37422,买盘
868,13:01:49,4.86,-1.22,0.0,41,19926,买盘
869,13:01:44,4.86,-1.22,0.0,4,1944,买盘
870,13:01:41,4.86,-1.22,0.0,28,13608,买盘
871,13:01:34,4.86,-1.22,0.01,256,124416,买盘
872,13:01:32,4.85,-1.42,0.0,150,72750,卖盘
873,13:01:23,4.85,-1.42,-0.01,21,10185,卖盘
874,13:01:20,4.86,-1.22,0.0,20,9720,买盘
875,13:01:17,4.86,-1.22,0.01,15,7290,买盘
876,13:01:14,4.85,-1.42,0.0,40,19400,卖盘
877,13:01:08,4.85,-1.42,0.0,35,16975,卖盘
878,13:01:05,4.85,-1.42,0.0,207,100395,卖盘
879,13:01:02,4.85,-1.42,-0.01,109,52865,卖盘
880,13:00:59,4.86,-1.22,0.0,84,40824,买盘
881,13:00:56,4.86,-1.22,0.0,6,2916,买盘
882,13:00:53,4.86,-1.22,0.01,24,11664,买盘
883,13:00:50,4.85,-1.42,0.0,43,20855,卖盘
884,13:00:44,4.85,-1.42,-0.01,13,6305,卖盘
885,13:00:41,4.86,-1.22,0.0,50,24300,买盘
886,13:00:35,4.86,-1.22,0.01,40,19440,买盘
887,13:00:32,4.85,-1.42,-0.01,109,52865,卖盘
888,13:00:28,4.86,-1.22,0.0,110,53460,买盘
889,13:00:26,4.86,-1.22,0.0,42,20412,买盘
890,13:00:23,4.86,-1.22,0.0,5,2430,买盘
891,13:00:20,4.86,-1.22,0.0,65,31590,买盘
892,13:00:17,4.86,-1.22,-0.01,188,91368,卖盘
893,13:00:14,4.87,-1.02,0.0,21,10227,买盘
894,13:00:11,4.87,-1.02,0.0,435,211845,买盘
895,13:00:08,4.87,-1.02,0.0,2,974,买盘
896,13:00:05,4.87,-1.02,0.0,2052,999324,买盘
897,13:00:02,4.87,-1.02,-0.01,729,355023,中性盘
898,11:30:00,4.88,-0.81,0.0,0,0,买盘
899,11:30:00,4.88,-0.81,0.0,0,0,买盘
900,11:30:00,4.88,-0.81,0.01,42,20496,买盘
901,11:29:58,4.87,-1.02,0.0,180,87660,卖盘
902,11:29:55,4.87,-1.02,-0.01,100,48700,买盘
903,11:29:52,4.88,-0.81,0.0,0,0,买盘
904,11:29:49,4.88,-0.81,0.03,2838,1384944,买盘
905,11:29:46,4.85,-1.42,-0.03,2,970,卖盘
906,11:29:43,4.88,-0.81,0.0,0,0,买盘
907,11:29:40,4.88,-0.81,0.01,907,442616,买盘
908,11:29:37,4.87,-1.02,0.0,0,0,买盘
909,11:29:34,4.87,-1.02,0.01,909,442683,买盘
910,11:29:31,4.86,-1.22,-0.01,928,451008,中性盘
911,11:29:28,4.87,-1.02,0.01,1252,609724,买盘
912,11:29:25,4.86,-1.22,0.0,30,14580,卖盘
913,11:29:22,4.86,-1.22,0.0,60,29160,卖盘
914,11:29:19,4.86,-1.22,0.0,109,52974,卖盘
915,11:29:16,4.86,-1.22,0.0,10,4860,卖盘
916,11:29:13,4.86,-1.22,0.01,363,176418,买盘
917,11:29:10,4.85,-1.42,0.0,1853,898705,卖盘
918,11:29:04,4.85,-1.42,0.0,22,10670,卖盘
919,11:29:01,4.85,-1.42,0.0,22,10670,卖盘
920,11:28:55,4.85,-1.42,0.0,246,119310,买盘
921,11:28:52,4.85,-1.42,0.01,900,436500,买盘
922,11:28:49,4.84,-1.63,-0.01,1019,493196,卖盘
923,11:28:46,4.85,-1.42,0.01,118,57230,买盘
924,11:28:37,4.84,-1.63,0.0,250,121000,中性盘
925,11:28:37,4.84,-1.63,-0.01,250,121000,卖盘
926,11:28:34,4.85,-1.42,0.0,487,236195,买盘
927,11:28:31,4.85,-1.42,0.01,284,137740,买盘
928,11:28:22,4.84,-1.63,0.0,43,20812,卖盘
929,11:28:19,4.84,-1.63,0.01,407,196988,买盘
930,11:28:16,4.83,-1.83,-0.01,2,966,卖盘
931,11:28:13,4.84,-1.63,0.01,1000,484000,买盘
932,11:28:10,4.83,-1.83,0.0,1804,871332,卖盘
933,11:28:04,4.83,-1.83,-0.01,10,4830,卖盘
934,11:28:01,4.84,-1.63,0.01,453,219252,买盘
935,11:27:58,4.83,-1.83,-0.01,2,966,买盘
936,11:27:55,4.84,-1.63,0.0,0,0,买盘
937,11:27:49,4.84,-1.63,0.0,2908,1407472,买盘
938,11:27:46,4.84,-1.63,0.0,500,242000,买盘
939,11:27:43,4.84,-1.63,0.01,10,4840,买盘
940,11:27:37,4.83,-1.83,0.0,1,483,卖盘
941,11:27:34,4.83,-1.83,0.01,77,37191,中性盘
942,11:27:31,4.82,-2.03,-0.02,902,434764,卖盘
943,11:27:28,4.84,-1.63,0.0,0,0,买盘
944,11:27:25,4.84,-1.63,0.01,450,217800,买盘
945,11:27:19,4.83,-1.83,0.0,132,63756,买盘
946,11:27:16,4.83,-1.83,0.0,38,18354,买盘
947,11:27:13,4.83,-1.83,0.0,452,218316,买盘
948,11:27:10,4.83,-1.83,0.01,353,170499,买盘
949,11:27:07,4.82,-2.03,-0.01,150,72300,卖盘
950,11:27:01,4.83,-1.83,0.0,96,46368,买盘
951,11:26:58,4.83,-1.83,0.01,44,21252,卖盘
952,11:26:55,4.82,-2.03,0.0,0,0,卖盘
953,11:26:52,4.82,-2.03,-0.01,8019,3865158,卖盘
954,11:26:49,4.83,-1.83,-0.01,111,53613,买盘
955,11:26:46,4.84,-1.63,0.02,27,13068,买盘
956,11:26:43,4.82,-2.03,0.0,182,87724,卖盘
957,11:26:40,4.82,-2.03,-0.02,300,144600,卖盘
958,11:26:37,4.84,-1.63,0.01,25,12100,买盘
959,11:26:34,4.83,-1.83,0.01,99,47817,买盘
960,11:26:28,4.82,-2.03,0.0,21,10122,卖盘
961,11:26:25,4.82,-2.03,-0.01,25,12050,卖盘
962,11:26:22,4.83,-1.83,0.01,27,13041,买盘
963,11:26:19,4.82,-2.03,-0.01,108,52056,卖盘
964,11:26:16,4.83,-1.83,0.0,30,14490,买盘
965,11:26:13,4.83,-1.83,0.0,22,10626,买盘
966,11:26:10,4.83,-1.83,0.0,8,3864,买盘
967,11:26:07,4.83,-1.83,0.0,10,4830,买盘
968,11:26:04,4.83,-1.83,0.0,10,4830,买盘
969,11:26:01,4.83,-1.83,0.0,14,6762,买盘
970,11:25:58,4.83,-1.83,0.0,19,9177,买盘
971,11:25:55,4.83,-1.83,0.0,5,2415,买盘
972,11:25:52,4.83,-1.83,0.01,12,5796,买盘
973,11:25:49,4.82,-2.03,-0.01,109,52538,卖盘
974,11:25:46,4.83,-1.83,-0.01,306,147798,卖盘
975,11:25:43,4.84,-1.63,0.0,60,29040,买盘
976,11:25:40,4.84,-1.63,0.01,1,484,买盘
977,11:25:37,4.83,-1.83,-0.01,17,8211,卖盘
978,11:25:31,4.84,-1.63,0.0,319,154396,买盘
979,11:25:25,4.84,-1.63,0.0,37,17908,买盘
980,11:25:19,4.84,-1.63,0.0,189,91476,买盘
981,11:25:16,4.84,-1.63,0.0,6,2904,买盘
982,11:25:13,4.84,-1.63,0.0,77,37268,买盘
983,11:25:10,4.84,-1.63,0.0,62,30008,买盘
984,11:25:04,4.84,-1.63,0.0,399,193116,买盘
985,11:25:01,4.84,-1.63,0.0,90,43560,买盘
986,11:25:01,4.84,-1.63,0.0,90,43560,中性盘
987,11:25:01,4.84,-1.63,0.0,90,43560,买盘
988,11:24:58,4.84,-1.63,0.0,2,968,买盘
989,11:24:55,4.84,-1.63,0.01,20,9680,买盘
990,11:24:49,4.83,-1.83,0.0,109,52647,卖盘
991,11:24:43,4.83,-1.83,-0.01,3,1449,卖盘
992,11:24:28,4.84,-1.63,0.0,0,0,买盘
993,11:24:22,4.84,-1.63,0.02,990,479160,买盘
994,11:24:19,4.82,-2.03,-0.01,109,52538,卖盘
995,11:24:16,4.83,-1.83,0.0,30,14490,买盘
996,11:24:13,4.83,-1.83,0.0,10,4830,买盘
997,11:24:10,4.83,-1.83,-0.01,1398,675234,卖盘
998,11:24:07,4.84,-1.63,0.01,159,76956,买盘
999,11:24:04,4.83,-1.83,-0.01,2,966,卖盘
1000,11:24:01,4.84,-1.63,0.0,900,435600,买盘
1001,11:23:58,4.84,-1.63,0.01,2,968,买盘
1002,11:23:55,4.83,-1.83,0.0,10,4830,卖盘
1003,11:23:52,4.83,-1.83,0.0,57,27531,卖盘
1004,11:23:49,4.83,-1.83,0.0,310,149730,卖盘
1005,11:23:46,4.83,-1.83,-0.01,20,9660,卖盘
1006,11:23:43,4.84,-1.63,0.0,2,968,买盘
1007,11:23:40,4.84,-1.63,0.0,50,24200,买盘
1008,11:23:37,4.84,-1.63,0.0,921,445764,买盘
1009,11:23:31,4.84,-1.63,0.01,14,6776,买盘
1010,11:23:28,4.83,-1.83,0.0,1,483,卖盘
1011,11:23:25,4.83,-1.83,0.0,94,45402,卖盘
1012,11:23:22,4.83,-1.83,0.0,230,111090,卖盘
1013,11:23:19,4.83,-1.83,0.0,109,52647,卖盘
1014,11:23:16,4.83,-1.83,-0.01,921,444843,卖盘
1015,11:23:10,4.84,-1.63,0.0,77,37268,买盘
1016,11:23:04,4.84,-1.63,0.0,41,19844,买盘
1017,11:23:01,4.84,-1.63,0.0,27,13068,买盘
1018,11:22:58,4.84,-1.63,0.0,2,968,买盘
1019,11:22:55,4.84,-1.63,0.01,4,1936,卖盘
1020,11:22:49,4.83,-1.83,-0.02,110,53130,卖盘
1021,11:22:46,4.85,-1.42,0.02,450,218250,买盘
1022,11:22:43,4.83,-1.83,-0.01,38,18354,卖盘
1023,11:22:40,4.84,-1.63,0.01,6,2904,买盘
1024,11:22:37,4.83,-1.83,0.0,1,483,卖盘
1025,11:22:34,4.83,-1.83,-0.01,25,12075,卖盘
1026,11:22:28,4.84,-1.63,0.01,450,217800,买盘
1027,11:22:25,4.83,-1.83,0.0,146,70518,卖盘
1028,11:22:22,4.83,-1.83,0.0,919,443877,买盘
1029,11:22:19,4.83,-1.83,0.0,203,98049,买盘
1030,11:22:16,4.83,-1.83,0.0,10,4830,买盘
1031,11:22:13,4.83,-1.83,0.0,4,1932,买盘
1032,11:22:10,4.83,-1.83,0.01,450,217350,买盘
1033,11:22:07,4.82,-2.03,-0.01,10,4820,卖盘
1034,11:22:04,4.83,-1.83,0.0,6,2898,买盘
1035,11:22:01,4.83,-1.83,-0.01,605,292215,卖盘
1036,11:21:58,4.84,-1.63,0.01,902,436568,买盘
1037,11:21:49,4.83,-1.83,0.0,109,52647,卖盘
1038,11:21:46,4.83,-1.83,0.0,291,140553,买盘
1039,11:21:43,4.83,-1.83,-0.01,32,15456,买盘
1040,11:21:40,4.84,-1.63,0.01,900,435600,买盘
1041,11:21:37,4.83,-1.83,-0.01,41,19803,买盘
1042,11:21:34,4.84,-1.63,0.0,0,0,买盘
1043,11:21:31,4.84,-1.63,0.02,62,30008,买盘
1044,11:21:25,4.82,-2.03,0.0,0,0,卖盘
1045,11:21:19,4.82,-2.03,0.0,109,52538,中性盘
1046,11:21:19,4.82,-2.03,-0.02,109,52538,卖盘
1047,11:21:16,4.84,-1.63,0.0,16,7744,买盘
1048,11:21:13,4.84,-1.63,0.01,5,2420,买盘
1049,11:21:07,4.83,-1.83,-0.01,169,81627,卖盘
1050,11:21:04,4.84,-1.63,0.0,145,70180,买盘
1051,11:21:01,4.84,-1.63,0.0,30,14520,买盘
1052,11:20:58,4.84,-1.63,0.0,2,968,买盘
1053,11:20:55,4.84,-1.63,0.0,235,113740,买盘
1054,11:20:49,4.84,-1.63,0.0,112,54208,买盘
1055,11:20:43,4.84,-1.63,0.0,68,32912,买盘
1056,11:20:37,4.84,-1.63,0.01,34,16456,买盘
1057,11:20:34,4.83,-1.83,0.0,22,10626,卖盘
1058,11:20:31,4.83,-1.83,0.0,2178,1051974,卖盘
1059,11:20:25,4.83,-1.83,-0.01,10,4830,卖盘
1060,11:20:22,4.84,-1.63,0.01,10,4840,买盘
1061,11:20:19,4.83,-1.83,0.0,109,52647,卖盘
1062,11:20:16,4.83,-1.83,-0.01,4,1932,卖盘
1063,11:20:13,4.84,-1.63,0.0,11,5324,买盘
1064,11:20:10,4.84,-1.63,0.0,1,484,买盘
1065,11:20:07,4.84,-1.63,0.0,22,10648,买盘
1066,11:20:04,4.84,-1.63,0.0,50,24200,买盘
1067,11:20:01,4.84,-1.63,0.0,2160,1045440,买盘
1068,11:19:55,4.84,-1.63,0.0,2,968,买盘
1069,11:19:52,4.84,-1.63,0.01,20,9680,买盘
1070,11:19:49,4.83,-1.83,-0.01,109,52647,卖盘
1071,11:19:46,4.84,-1.63,0.0,172,83248,买盘
1072,11:19:43,4.84,-1.63,0.01,8,3872,买盘
1073,11:19:40,4.83,-1.83,-0.01,3,1449,卖盘
1074,11:19:28,4.84,-1.63,0.0,73,35332,买盘
1075,11:19:25,4.84,-1.63,0.01,5,2420,买盘
1076,11:19:19,4.83,-1.83,-0.01,108,52164,卖盘
1077,11:19:16,4.84,-1.63,0.0,2,968,买盘
1078,11:19:07,4.84,-1.63,0.0,2,968,买盘
1079,11:19:04,4.84,-1.63,0.0,117,56628,买盘
1080,11:19:01,4.84,-1.63,0.0,107,51788,买盘
1081,11:18:58,4.84,-1.63,0.0,44,21296,买盘
1082,11:18:55,4.84,-1.63,0.01,20,9680,买盘
1083,11:18:49,4.83,-1.83,-0.01,109,52647,卖盘
1084,11:18:46,4.84,-1.63,0.01,73,35332,买盘
1085,11:18:43,4.83,-1.83,-0.01,2,966,卖盘
1086,11:18:37,4.84,-1.63,0.0,45,21780,买盘
1087,11:18:34,4.84,-1.63,0.0,51,24684,买盘
1088,11:18:28,4.84,-1.63,0.01,2103,1017852,买盘
1089,11:18:22,4.83,-1.83,-0.01,20,9660,卖盘
1090,11:18:19,4.84,-1.63,0.0,138,66792,买盘
1091,11:18:16,4.84,-1.63,0.0,120,58080,买盘
1092,11:18:13,4.84,-1.63,0.0,1,484,买盘
1093,11:18:04,4.84,-1.63,0.01,10,4840,买盘
1094,11:18:01,4.83,-1.83,-0.01,40,19320,卖盘
1095,11:17:58,4.84,-1.63,0.0,2,968,买盘
1096,11:17:52,4.84,-1.63,0.01,45,21780,买盘
1097,11:17:49,4.83,-1.83,-0.01,109,52647,卖盘
1098,11:17:43,4.84,-1.63,-0.01,3,1452,中性盘
1099,11:17:43,4.84,-1.63,0.0,3,1452,买盘
1100,11:17:40,4.84,-1.63,0.0,32,15488,买盘
1101,11:17:37,4.84,-1.63,0.0,10,4840,买盘
1102,11:17:34,4.84,-1.63,0.0,11,5324,买盘
1103,11:17:28,4.84,-1.63,0.01,23,11132,买盘
1104,11:17:25,4.83,-1.83,0.0,247,119301,卖盘
1105,11:17:19,4.83,-1.83,-0.01,109,52647,卖盘
1106,11:17:15,4.84,-1.63,0.0,2,968,买盘
1107,11:17:13,4.84,-1.63,0.01,50,24200,买盘
1108,11:17:10,4.83,-1.83,-0.01,210,101430,卖盘
1109,11:17:07,4.84,-1.63,0.0,2,968,买盘
1110,11:17:01,4.84,-1.63,0.0,437,211508,买盘
1111,11:16:57,4.84,-1.63,0.0,205,99220,买盘
1112,11:16:54,4.84,-1.63,0.01,407,196988,买盘
1113,11:16:51,4.83,-1.83,-0.01,210,101430,卖盘
1114,11:16:48,4.84,-1.63,0.01,17,8228,买盘
1115,11:16:45,4.83,-1.83,-0.01,325,156975,卖盘
1116,11:16:42,4.84,-1.63,0.01,320,154880,买盘
1117,11:16:39,4.83,-1.83,-0.01,14,6762,卖盘
1118,11:16:36,4.84,-1.63,0.0,65,31460,买盘
1119,11:16:33,4.84,-1.63,0.0,475,229900,买盘
1120,11:16:24,4.84,-1.63,0.01,542,262328,买盘
1121,11:16:22,4.83,-1.83,-0.01,117,56511,卖盘
1122,11:16:18,4.84,-1.63,0.0,4,1936,买盘
1123,11:16:15,4.84,-1.63,0.0,227,109868,买盘
1124,11:16:12,4.84,-1.63,0.0,720,348480,买盘
1125,11:16:09,4.84,-1.63,0.0,50,24200,买盘
1126,11:16:06,4.84,-1.63,0.0,51,24684,买盘
1127,11:16:03,4.84,-1.63,0.0,3,1452,买盘
1128,11:16:00,4.84,-1.63,0.0,11,5324,买盘
1129,11:15:57,4.84,-1.63,0.0,11,5324,买盘
1130,11:15:54,4.84,-1.63,0.01,161,77924,中性盘
1131,11:15:51,4.83,-1.83,-0.02,109,52647,卖盘
1132,11:15:45,4.85,-1.42,0.01,350,169750,买盘
1133,11:15:39,4.84,-1.63,0.0,18,8712,卖盘
1134,11:15:36,4.84,-1.63,0.0,1,484,卖盘
1135,11:15:33,4.84,-1.63,0.0,65,31460,买盘
1136,11:15:30,4.84,-1.63,0.0,37,17908,买盘
1137,11:15:24,4.84,-1.63,0.01,10,4840,买盘
1138,11:15:21,4.83,-1.83,-0.01,158,76314,卖盘
1139,11:15:18,4.84,-1.63,0.0,10,4840,买盘
1140,11:15:15,4.84,-1.63,0.0,36,17424,买盘
1141,11:15:12,4.84,-1.63,0.0,24,11616,买盘
1142,11:15:06,4.84,-1.63,-0.01,10,4840,中性盘
1143,11:15:03,4.85,-1.42,0.01,3189,1546665,买盘
1144,11:15:00,4.84,-1.63,-0.01,5668,2743312,卖盘
1145,11:14:57,4.85,-1.42,0.0,2,970,买盘
1146,11:14:54,4.85,-1.42,0.01,44,21340,买盘
1147,11:14:51,4.84,-1.63,0.0,3313,1603492,买盘
1148,11:14:45,4.84,-1.63,0.0,20,9680,买盘
1149,11:14:42,4.84,-1.63,0.01,7,3388,买盘
1150,11:14:36,4.83,-1.83,-0.01,1,483,卖盘
1151,11:14:33,4.84,-1.63,0.0,5,2420,买盘
1152,11:14:24,4.84,-1.63,0.01,3,1452,买盘
1153,11:14:21,4.83,-1.83,-0.01,3230,1560090,卖盘
1154,11:14:18,4.84,-1.63,0.0,43,20812,买盘
1155,11:14:15,4.84,-1.63,0.0,50,24200,买盘
1156,11:14:09,4.84,-1.63,0.01,700,338800,买盘
1157,11:14:06,4.83,-1.83,0.0,355,171465,卖盘
1158,11:14:06,4.83,-1.83,0.0,355,171465,中性盘
1159,11:14:06,4.83,-1.83,-0.01,355,171465,卖盘
1160,11:14:03,4.84,-1.63,0.0,6,2904,买盘
1161,11:13:57,4.84,-1.63,0.01,2,968,买盘
1162,11:13:54,4.83,-1.83,0.0,82,39606,卖盘
1163,11:13:51,4.83,-1.83,-0.01,166,80178,卖盘
1164,11:13:48,4.84,-1.63,0.01,8,3872,买盘
1165,11:13:45,4.83,-1.83,-0.01,4,1932,卖盘
1166,11:13:42,4.84,-1.63,0.01,20,9680,买盘
1167,11:13:39,4.83,-1.83,-0.01,30,14490,卖盘
1168,11:13:36,4.84,-1.63,0.0,28,13552,买盘
1169,11:13:30,4.84,-1.63,0.0,76,36784,买盘
1170,11:13:27,4.84,-1.63,0.0,51,24684,买盘
1171,11:13:21,4.84,-1.63,0.01,135,65340,买盘
1172,11:13:18,4.83,-1.83,-0.01,312,150696,卖盘
1173,11:13:09,4.84,-1.63,0.0,13,6292,买盘
1174,11:13:06,4.84,-1.63,0.0,51,24684,买盘
1175,11:13:00,4.84,-1.63,0.0,9,4356,买盘
1176,11:12:57,4.84,-1.63,0.0,32,15488,买盘
1177,11:12:54,4.84,-1.63,0.01,13,6292,买盘
1178,11:12:51,4.83,-1.83,0.0,115,55545,卖盘
1179,11:12:48,4.83,-1.83,0.0,165,79695,卖盘
1180,11:12:39,4.83,-1.83,0.0,20,9660,卖盘
1181,11:12:36,4.83,-1.83,-0.01,1,483,卖盘
1182,11:12:24,4.84,-1.63,0.01,8,3872,买盘
1183,11:12:21,4.83,-1.83,0.0,189,91287,买盘
1184,11:12:18,4.83,-1.83,0.01,771,372393,买盘
1185,11:12:15,4.82,-2.03,-0.01,1027,495014,卖盘
1186,11:12:12,4.83,-1.83,0.0,5,2415,买盘
1187,11:12:09,4.83,-1.83,0.01,208,100464,买盘
1188,11:12:06,4.82,-2.03,-0.01,9,4338,卖盘
1189,11:12:03,4.83,-1.83,0.0,152,73416,买盘
1190,11:12:00,4.83,-1.83,0.0,10,4830,买盘
1191,11:11:57,4.83,-1.83,0.0,111,53613,买盘
1192,11:11:54,4.83,-1.83,0.0,80,38640,买盘
1193,11:11:51,4.83,-1.83,0.01,218,105294,买盘
1194,11:11:48,4.82,-2.03,-0.01,2,964,卖盘
1195,11:11:45,4.83,-1.83,0.0,80,38640,买盘
1196,11:11:42,4.83,-1.83,0.0,38,18354,买盘
1197,11:11:39,4.83,-1.83,0.0,20,9660,买盘
1198,11:11:35,4.83,-1.83,0.0,101,48783,买盘
1199,11:11:25,4.83,-1.83,0.0,101,48783,买盘
1200,11:11:23,4.83,-1.83,0.01,47,22701,买盘
1201,11:11:20,4.82,-2.03,0.0,108,52056,卖盘
1202,11:11:18,4.82,-2.03,0.0,40,19280,卖盘
1203,11:11:10,4.82,-2.03,0.0,1,482,卖盘
1204,11:11:07,4.82,-2.03,-0.01,163,78566,中性盘
1205,11:11:04,4.83,-1.83,0.01,901,435183,买盘
1206,11:11:01,4.82,-2.03,0.01,52,25064,买盘
1207,11:10:58,4.81,-2.24,-0.01,22,10582,卖盘
1208,11:10:55,4.82,-2.03,0.0,2,964,买盘
1209,11:10:54,4.82,-2.03,0.0,69,33258,买盘
1210,11:10:49,4.82,-2.03,0.0,155,74710,买盘
1211,11:10:47,4.82,-2.03,0.0,223,107486,买盘
1212,11:10:43,4.82,-2.03,0.0,108,52056,买盘
1213,11:10:40,4.82,-2.03,0.0,937,451634,买盘
1214,11:10:37,4.82,-2.03,0.0,43,20726,买盘
1215,11:10:34,4.82,-2.03,0.0,11,5302,买盘
1216,11:10:31,4.82,-2.03,0.01,128,61696,买盘
1217,11:10:28,4.81,-2.24,0.0,1059,509379,卖盘
1218,11:10:28,4.81,-2.24,0.0,1059,509379,中性盘
1219,11:10:28,4.81,-2.24,-0.01,1059,509379,卖盘
1220,11:10:25,4.82,-2.03,0.0,30,14460,买盘
1221,11:10:22,4.82,-2.03,0.01,914,440548,买盘
1222,11:10:19,4.81,-2.24,-0.01,109,52429,卖盘
1223,11:10:13,4.82,-2.03,0.01,15,7230,买盘
1224,11:10:10,4.81,-2.24,-0.01,50,24050,卖盘
1225,11:10:07,4.82,-2.03,0.0,200,96400,买盘
1226,11:10:04,4.82,-2.03,0.0,103,49646,买盘
1227,11:10:01,4.82,-2.03,0.0,1158,558156,买盘
1228,11:09:58,4.82,-2.03,0.0,84,40488,买盘
1229,11:09:55,4.82,-2.03,0.0,74,35668,买盘
1230,11:09:52,4.82,-2.03,0.01,10,4820,买盘
1231,11:09:49,4.81,-2.24,-0.01,189,90909,卖盘
1232,11:09:46,4.82,-2.03,0.01,135,65070,买盘
1233,11:09:43,4.81,-2.24,-0.01,79,37999,卖盘
1234,11:09:40,4.82,-2.03,0.0,50,24100,买盘
1235,11:09:37,4.82,-2.03,0.0,910,438620,买盘
1236,11:09:34,4.82,-2.03,0.0,38,18316,买盘
1237,11:09:31,4.82,-2.03,0.0,15,7230,买盘
1238,11:09:25,4.82,-2.03,0.0,5,2410,买盘
1239,11:09:22,4.82,-2.03,0.0,4,1928,买盘
1240,11:09:19,4.82,-2.03,-0.01,208,100724,卖盘
1241,11:09:16,4.83,-1.83,0.0,901,435183,买盘
1242,11:09:13,4.83,-1.83,0.01,37,17871,买盘
1243,11:09:10,4.82,-2.03,0.0,10,4820,卖盘
1244,11:09:04,4.82,-2.03,0.0,3,1446,卖盘
1245,11:09:01,4.82,-2.03,0.0,265,127730,卖盘
1246,11:08:58,4.82,-2.03,-0.01,26,12532,卖盘
1247,11:08:55,4.83,-1.83,0.01,43,20769,买盘
1248,11:08:52,4.82,-2.03,0.0,14,6748,卖盘
1249,11:08:49,4.82,-2.03,0.0,134,64588,卖盘
1250,11:08:46,4.82,-2.03,-0.01,10,4820,卖盘
1251,11:08:43,4.83,-1.83,0.01,20,9660,买盘
1252,11:08:37,4.82,-2.03,0.0,1,482,卖盘
1253,11:08:34,4.82,-2.03,0.0,1,482,卖盘
1254,11:08:28,4.82,-2.03,0.0,44,21208,卖盘
1255,11:08:25,4.82,-2.03,0.0,110,53020,卖盘
1256,11:08:19,4.82,-2.03,-0.01,147,70854,卖盘
1257,11:08:13,4.83,-1.83,0.0,21,10143,买盘
1258,11:08:07,4.83,-1.83,0.0,8,3864,买盘
1259,11:07:58,4.83,-1.83,0.0,80,38640,买盘
1260,11:07:52,4.83,-1.83,0.0,42,20286,买盘
1261,11:07:49,4.83,-1.83,0.01,146,70518,买盘
1262,11:07:46,4.82,-2.03,-0.01,33,15906,卖盘
1263,11:07:43,4.83,-1.83,0.0,10,4830,买盘
1264,11:07:40,4.83,-1.83,0.01,18,8694,买盘
1265,11:07:34,4.82,-2.03,-0.01,1,482,卖盘
1266,11:07:31,4.83,-1.83,0.01,77,37191,买盘
1267,11:07:28,4.82,-2.03,-0.01,61,29402,卖盘
1268,11:07:25,4.83,-1.83,0.01,5,2415,买盘
1269,11:07:22,4.82,-2.03,-0.01,4172,2010904,卖盘
1270,11:07:19,4.83,-1.83,0.01,1110,536130,买盘
1271,11:07:10,4.82,-2.03,-0.01,220,106040,卖盘
1272,11:07:04,4.83,-1.83,0.01,51,24633,买盘
1273,11:07:01,4.82,-2.03,0.0,11,5302,卖盘
1274,11:06:58,4.82,-2.03,-0.01,248,119536,卖盘
1275,11:06:55,4.83,-1.83,0.01,2,966,买盘
1276,11:06:52,4.82,-2.03,0.0,214,103148,卖盘
1277,11:06:49,4.82,-2.03,0.0,109,52538,中性盘
1278,11:06:49,4.82,-2.03,0.0,109,52538,卖盘
1279,11:06:43,4.82,-2.03,0.0,100,48200,卖盘
1280,11:06:37,4.82,-2.03,0.0,10,4820,卖盘
1281,11:06:34,4.82,-2.03,-0.01,2,964,卖盘
1282,11:06:28,4.83,-1.83,0.0,54,26082,买盘
1283,11:06:25,4.83,-1.83,0.0,4,1932,买盘
1284,11:06:22,4.83,-1.83,0.0,25,12075,买盘
1285,11:06:19,4.83,-1.83,0.0,137,66171,买盘
1286,11:06:13,4.83,-1.83,0.01,134,64722,买盘
1287,11:06:10,4.82,-2.03,0.0,20,9640,卖盘
1288,11:06:07,4.82,-2.03,-0.01,214,103148,卖盘
1289,11:06:04,4.83,-1.83,0.0,7,3381,卖盘
1290,11:06:01,4.83,-1.83,0.0,97,46851,卖盘
1291,11:05:58,4.83,-1.83,-0.01,626,302358,卖盘
1292,11:05:52,4.84,-1.63,0.01,3,1452,买盘
1293,11:05:49,4.83,-1.83,0.0,110,53130,卖盘
1294,11:05:43,4.83,-1.83,0.0,81,39123,卖盘
1295,11:05:40,4.83,-1.83,0.0,13,6279,卖盘
1296,11:05:37,4.83,-1.83,0.0,2,966,卖盘
1297,11:05:34,4.83,-1.83,0.0,118,56994,卖盘
1298,11:05:31,4.83,-1.83,0.0,4,1932,卖盘
1299,11:05:19,4.83,-1.83,0.0,110,53130,卖盘
1300,11:05:16,4.83,-1.83,0.0,20,9660,卖盘
1301,11:05:13,4.83,-1.83,0.0,21,10143,卖盘
1302,11:05:07,4.83,-1.83,0.0,17,8211,卖盘
1303,11:05:04,4.83,-1.83,-0.01,16,7728,卖盘
1304,11:05:01,4.84,-1.63,0.0,10,4840,买盘
1305,11:04:58,4.84,-1.63,0.01,21,10164,买盘
1306,11:04:55,4.83,-1.83,-0.01,17,8211,卖盘
1307,11:04:52,4.84,-1.63,0.01,79,38236,买盘
1308,11:04:49,4.83,-1.83,-0.01,466,225078,卖盘
1309,11:04:46,4.84,-1.63,0.01,12,5808,买盘
1310,11:04:43,4.83,-1.83,0.0,24,11592,卖盘
1311,11:04:40,4.83,-1.83,0.0,3,1449,卖盘
1312,11:04:37,4.83,-1.83,0.0,124,59892,卖盘
1313,11:04:34,4.83,-1.83,0.0,42,20286,卖盘
1314,11:04:31,4.83,-1.83,0.0,21,10143,卖盘
1315,11:04:28,4.83,-1.83,0.0,105,50715,卖盘
1316,11:04:25,4.83,-1.83,0.0,780,376740,卖盘
1317,11:04:22,4.83,-1.83,0.0,10,4830,卖盘
1318,11:04:19,4.83,-1.83,0.0,190,91770,卖盘
1319,11:04:16,4.83,-1.83,0.0,60,28980,卖盘
1320,11:04:10,4.83,-1.83,-0.01,294,142002,卖盘
1321,11:04:07,4.84,-1.63,0.01,10,4840,买盘
1322,11:04:04,4.83,-1.83,0.0,351,169533,卖盘
1323,11:04:01,4.83,-1.83,-0.01,23,11109,卖盘
1324,11:03:58,4.84,-1.63,0.0,13,6292,买盘
1325,11:03:55,4.84,-1.63,0.0,23,11132,买盘
1326,11:03:52,4.84,-1.63,0.0,13,6292,买盘
1327,11:03:49,4.84,-1.63,0.01,116,56144,买盘
1328,11:03:46,4.83,-1.83,0.0,16,7728,卖盘
1329,11:03:43,4.83,-1.83,0.0,35,16905,卖盘
1330,11:03:40,4.83,-1.83,0.0,12,5796,卖盘
1331,11:03:37,4.83,-1.83,0.0,149,71967,卖盘
1332,11:03:34,4.83,-1.83,0.0,1,483,卖盘
1333,11:03:28,4.83,-1.83,0.0,112,54096,卖盘
1334,11:03:25,4.83,-1.83,0.0,268,129444,买盘
1335,11:03:22,4.83,-1.83,0.01,118,56994,买盘
1336,11:03:19,4.82,-2.03,-0.01,129,62178,卖盘
1337,11:03:13,4.83,-1.83,0.0,6,2898,买盘
1338,11:03:10,4.83,-1.83,0.0,20,9660,中性盘
1339,11:03:10,4.83,-1.83,0.0,20,9660,买盘
1340,11:03:04,4.83,-1.83,0.0,5,2415,买盘
1341,11:03:01,4.83,-1.83,0.0,35,16905,买盘
1342,11:02:58,4.83,-1.83,0.0,1,483,买盘
1343,11:02:55,4.83,-1.83,0.0,2,966,买盘
1344,11:02:49,4.83,-1.83,-0.01,1314,634662,卖盘
1345,11:02:46,4.84,-1.63,0.0,38,18392,买盘
1346,11:02:43,4.84,-1.63,0.01,10,4840,买盘
1347,11:02:40,4.83,-1.83,0.0,2,966,卖盘
1348,11:02:34,4.83,-1.83,-0.01,1,483,卖盘
1349,11:02:31,4.84,-1.63,0.0,27,13068,买盘
1350,11:02:22,4.84,-1.63,0.01,7,3388,买盘
1351,11:02:19,4.83,-1.83,-0.01,109,52647,卖盘
1352,11:02:13,4.84,-1.63,0.0,1,484,买盘
1353,11:02:07,4.84,-1.63,0.01,147,71148,买盘
1354,11:02:04,4.83,-1.83,0.0,17,8211,卖盘
1355,11:01:58,4.83,-1.83,-0.01,5,2415,卖盘
1356,11:01:52,4.84,-1.63,0.02,2,968,买盘
1357,11:01:49,4.82,-2.03,0.0,109,52538,卖盘
1358,11:01:46,4.82,-2.03,-0.01,1248,601536,卖盘
1359,11:01:43,4.83,-1.83,0.0,20,9660,卖盘
1360,11:01:37,4.83,-1.83,0.0,3,1449,卖盘
1361,11:01:34,4.83,-1.83,-0.01,113,54579,卖盘
1362,11:01:31,4.84,-1.63,0.0,331,160204,买盘
1363,11:01:28,4.84,-1.63,0.0,189,91491,买盘
1364,11:01:25,4.84,-1.63,0.01,156,75504,买盘
1365,11:01:22,4.83,-1.83,-0.01,7,3381,卖盘
1366,11:01:19,4.84,-1.63,0.0,136,65824,买盘
1367,11:01:16,4.84,-1.63,0.0,101,48884,买盘
1368,11:01:13,4.84,-1.63,0.0,75,36300,买盘
1369,11:01:10,4.84,-1.63,0.0,162,78408,买盘
1370,11:01:07,4.84,-1.63,0.0,20,9680,买盘
1371,11:01:04,4.84,-1.63,0.0,51,24684,买盘
1372,11:01:01,4.84,-1.63,0.01,30,14520,买盘
1373,11:00:55,4.83,-1.83,-0.01,119,57477,卖盘
1374,11:00:52,4.84,-1.63,0.01,59,28556,买盘
1375,11:00:49,4.83,-1.83,-0.01,139,67137,卖盘
1376,11:00:46,4.84,-1.63,0.0,29,14036,买盘
1377,11:00:43,4.84,-1.63,0.0,11,5324,买盘
1378,11:00:37,4.84,-1.63,0.0,145,70180,买盘
1379,11:00:34,4.84,-1.63,0.0,14,6776,买盘
1380,11:00:28,4.84,-1.63,0.0,90,43560,买盘
1381,11:00:25,4.84,-1.63,0.0,40,19360,买盘
1382,11:00:22,4.84,-1.63,0.01,15,7260,买盘
1383,11:00:19,4.83,-1.83,-0.01,109,52647,卖盘
1384,11:00:16,4.84,-1.63,0.0,55,26620,买盘
1385,11:00:13,4.84,-1.63,0.0,30,14520,买盘
1386,11:00:10,4.84,-1.63,0.0,22,10648,买盘
1387,11:00:07,4.84,-1.63,0.0,27,13068,买盘
1388,11:00:04,4.84,-1.63,0.0,54,26136,买盘
1389,11:00:01,4.84,-1.63,0.0,124,60016,买盘
1390,10:59:58,4.84,-1.63,0.0,7,3388,买盘
1391,10:59:55,4.84,-1.63,0.01,5,2420,买盘
1392,10:59:52,4.83,-1.83,-0.01,21,10143,卖盘
1393,10:59:49,4.84,-1.63,0.0,1831,886204,买盘
1394,10:59:46,4.84,-1.63,0.01,100,48400,买盘
1395,10:59:43,4.83,-1.83,0.0,1,483,卖盘
1396,10:59:34,4.83,-1.83,0.0,1,483,卖盘
1397,10:59:34,4.83,-1.83,0.0,1,483,中性盘
1398,10:59:34,4.83,-1.83,-0.01,1,483,卖盘
1399,10:59:28,4.84,-1.63,0.0,22,10648,买盘
1400,10:59:25,4.84,-1.63,0.01,122,59048,买盘
1401,10:59:19,4.83,-1.83,0.0,109,52647,卖盘
1402,10:59:13,4.83,-1.83,0.0,25,12075,卖盘
1403,10:59:10,4.83,-1.83,0.0,12,5796,卖盘
1404,10:59:04,4.83,-1.83,0.01,4544,2194752,买盘
1405,10:58:55,4.82,-2.03,0.0,10,4820,卖盘
1406,10:58:52,4.82,-2.03,0.0,5,2410,卖盘
1407,10:58:49,4.82,-2.03,0.0,109,52538,卖盘
1408,10:58:46,4.82,-2.03,-0.01,20,9640,卖盘
1409,10:58:43,4.83,-1.83,0.0,29,14007,买盘
1410,10:58:40,4.83,-1.83,0.01,320,154560,买盘
1411,10:58:34,4.82,-2.03,-0.01,11,5302,卖盘
1412,10:58:31,4.83,-1.83,0.01,11,5313,买盘
1413,10:58:25,4.82,-2.03,0.0,1,482,卖盘
1414,10:58:19,4.82,-2.03,-0.01,539,259798,卖盘
1415,10:58:16,4.83,-1.83,0.0,14,6762,买盘
1416,10:58:13,4.83,-1.83,0.0,9,4347,买盘
1417,10:58:10,4.83,-1.83,0.0,39,18837,买盘
1418,10:58:07,4.83,-1.83,0.0,2,966,买盘
1419,10:58:04,4.83,-1.83,0.01,77,37191,买盘
1420,10:58:01,4.82,-2.03,0.0,750,361500,卖盘
1421,10:57:58,4.82,-2.03,0.0,2583,1245006,卖盘
1422,10:57:55,4.82,-2.03,-0.01,1,482,卖盘
1423,10:57:52,4.83,-1.83,0.01,34,16422,买盘
1424,10:57:49,4.82,-2.03,0.0,112,53984,卖盘
1425,10:57:43,4.82,-2.03,0.0,8,3856,卖盘
1426,10:57:40,4.82,-2.03,0.0,1,482,卖盘
1427,10:57:34,4.82,-2.03,0.0,9,4338,卖盘
1428,10:57:28,4.82,-2.03,0.0,723,348486,买盘
1429,10:57:25,4.82,-2.03,-0.01,181,87242,卖盘
1430,10:57:22,4.83,-1.83,0.01,128,61824,买盘
1431,10:57:19,4.82,-2.03,0.0,108,52056,卖盘
1432,10:57:16,4.82,-2.03,0.0,118,56876,卖盘
1433,10:57:07,4.82,-2.03,0.01,131,63142,买盘
1434,10:57:04,4.81,-2.24,0.0,412,198172,卖盘
1435,10:57:01,4.81,-2.24,-0.01,1,481,卖盘
1436,10:56:58,4.82,-2.03,0.01,8,3856,买盘
1437,10:56:55,4.81,-2.24,-0.01,19,9139,卖盘
1438,10:56:52,4.82,-2.03,0.0,1028,495496,买盘
1439,10:56:49,4.82,-2.03,0.0,144,69408,买盘
1440,10:56:46,4.82,-2.03,0.01,459,221238,买盘
1441,10:56:43,4.81,-2.24,-0.01,78,37518,卖盘
1442,10:56:40,4.82,-2.03,0.0,36,17352,买盘
1443,10:56:37,4.82,-2.03,0.01,20,9640,买盘
1444,10:56:34,4.81,-2.24,0.0,121,58201,卖盘
1445,10:56:31,4.81,-2.24,-0.01,30,14430,卖盘
1446,10:56:28,4.82,-2.03,0.0,101,48682,买盘
1447,10:56:25,4.82,-2.03,0.0,39,18798,买盘
1448,10:56:22,4.82,-2.03,0.01,273,131586,买盘
1449,10:56:19,4.81,-2.24,0.0,224,107744,卖盘
1450,10:56:16,4.81,-2.24,0.0,227,109187,卖盘
1451,10:56:13,4.81,-2.24,-0.01,151,72631,卖盘
1452,10:56:10,4.82,-2.03,0.0,70,33740,买盘
1453,10:56:06,4.82,-2.03,0.0,37,17834,买盘
1454,10:56:04,4.82,-2.03,0.0,13,6266,买盘
1455,10:56:00,4.82,-2.03,0.0,9,4338,买盘
1456,10:56:00,4.82,-2.03,0.0,9,4338,中性盘
1457,10:56:00,4.82,-2.03,0.0,9,4338,买盘
1458,10:55:57,4.82,-2.03,0.0,48,23136,买盘
1459,10:55:55,4.82,-2.03,0.0,76,36632,买盘
1460,10:55:51,4.82,-2.03,0.0,311,149902,买盘
1461,10:55:48,4.82,-2.03,0.0,4,1928,买盘
1462,10:55:45,4.82,-2.03,0.0,2,964,买盘
1463,10:55:39,4.82,-2.03,0.0,196,94472,买盘
1464,10:55:36,4.82,-2.03,0.0,29,13978,买盘
1465,10:55:33,4.82,-2.03,0.0,126,60732,买盘
1466,10:55:30,4.82,-2.03,0.0,100,48200,买盘
1467,10:55:24,4.82,-2.03,0.01,5,2410,买盘
1468,10:55:22,4.81,-2.24,-0.01,237,113997,卖盘
1469,10:55:15,4.82,-2.03,0.0,5,2410,买盘
1470,10:55:12,4.82,-2.03,0.0,100,48200,买盘
1471,10:55:09,4.82,-2.03,0.01,2,964,买盘
1472,10:55:06,4.81,-2.24,-0.01,90,43290,卖盘
1473,10:55:03,4.82,-2.03,0.0,21,10122,买盘
1474,10:54:57,4.82,-2.03,0.0,23,11086,买盘
1475,10:54:54,4.82,-2.03,-0.01,19,9158,卖盘
1476,10:54:51,4.83,-1.83,0.01,144,69552,买盘
1477,10:54:48,4.82,-2.03,0.0,95,45790,卖盘
1478,10:54:45,4.82,-2.03,0.0,4,1928,卖盘
1479,10:54:42,4.82,-2.03,0.0,41,19762,卖盘
1480,10:54:36,4.82,-2.03,0.0,4,1928,卖盘
1481,10:54:33,4.82,-2.03,0.0,228,109896,卖盘
1482,10:54:30,4.82,-2.03,-0.01,1,482,卖盘
1483,10:54:21,4.83,-1.83,0.01,290,140070,买盘
1484,10:54:18,4.82,-2.03,0.0,12,5784,卖盘
1485,10:54:15,4.82,-2.03,-0.01,20,9640,卖盘
1486,10:54:12,4.83,-1.83,0.0,10,4830,买盘
1487,10:54:09,4.83,-1.83,0.01,1000,483000,买盘
1488,10:54:00,4.82,-2.03,-0.01,211,101702,卖盘
1489,10:53:51,4.83,-1.83,0.0,131,63273,买盘
1490,10:53:45,4.83,-1.83,0.0,119,57477,买盘
1491,10:53:42,4.83,-1.83,0.01,14,6762,买盘
1492,10:53:39,4.82,-2.03,0.0,80,38560,卖盘
1493,10:53:36,4.82,-2.03,0.0,1,482,卖盘
1494,10:53:33,4.82,-2.03,0.0,190,91580,买盘
1495,10:53:30,4.82,-2.03,-0.01,165,79530,卖盘
1496,10:53:27,4.83,-1.83,0.01,77,37191,买盘
1497,10:53:24,4.82,-2.03,0.0,5,2410,卖盘
1498,10:53:21,4.82,-2.03,0.0,175,84350,卖盘
1499,10:53:18,4.82,-2.03,0.0,1456,701792,卖盘
1500,10:53:15,4.82,-2.03,0.0,23,11086,卖盘
1501,10:53:12,4.82,-2.03,-0.01,100,48200,卖盘
1502,10:53:09,4.83,-1.83,0.0,76,36708,买盘
1503,10:53:06,4.83,-1.83,0.0,9,4347,买盘
1504,10:52:57,4.83,-1.83,0.0,163,78729,买盘
1505,10:52:54,4.83,-1.83,0.01,402,194166,买盘
1506,10:52:51,4.82,-2.03,-0.01,109,52538,卖盘
1507,10:52:48,4.83,-1.83,0.01,30,14490,买盘
1508,10:52:42,4.82,-2.03,0.0,25,12050,卖盘
1509,10:52:39,4.82,-2.03,0.0,36,17352,卖盘
1510,10:52:36,4.82,-2.03,0.0,1,482,卖盘
1511,10:52:33,4.82,-2.03,-0.01,34,16388,卖盘
1512,10:52:30,4.83,-1.83,0.01,301,145383,买盘
1513,10:52:27,4.82,-2.03,0.0,100,48200,卖盘
1514,10:52:24,4.82,-2.03,0.0,106,51092,卖盘
1515,10:52:21,4.82,-2.03,0.0,109,52538,中性盘
1516,10:52:21,4.82,-2.03,0.0,109,52538,卖盘
1517,10:52:18,4.82,-2.03,0.0,7,3374,卖盘
1518,10:52:15,4.82,-2.03,0.0,10,4820,卖盘
1519,10:52:12,4.82,-2.03,-0.01,153,73746,卖盘
1520,10:52:09,4.83,-1.83,0.0,27,13041,买盘
1521,10:52:06,4.83,-1.83,0.0,134,64722,买盘
1522,10:52:03,4.83,-1.83,0.01,41,19803,买盘
1523,10:52:00,4.82,-2.03,0.0,12,5784,卖盘
1524,10:51:57,4.82,-2.03,0.0,416,200512,卖盘
1525,10:51:54,4.82,-2.03,0.0,158,76156,卖盘
1526,10:51:51,4.82,-2.03,-0.01,117,56394,卖盘
1527,10:51:48,4.83,-1.83,0.01,1757,848631,买盘
1528,10:51:45,4.82,-2.03,0.0,1255,604910,卖盘
1529,10:51:42,4.82,-2.03,0.0,101,48682,卖盘
1530,10:51:36,4.82,-2.03,0.0,3,1446,卖盘
1531,10:51:33,4.82,-2.03,0.0,3,1446,卖盘
1532,10:51:30,4.82,-2.03,0.0,13,6266,卖盘
1533,10:51:27,4.82,-2.03,0.0,68,32776,卖盘
1534,10:51:24,4.82,-2.03,0.0,89,42898,卖盘
1535,10:51:21,4.82,-2.03,-0.01,187,90134,卖盘
1536,10:51:18,4.83,-1.83,0.01,932,450156,买盘
1537,10:51:15,4.82,-2.03,-0.01,1376,663232,卖盘
1538,10:51:12,4.83,-1.83,0.01,7,3381,买盘
1539,10:51:09,4.82,-2.03,0.0,1056,508992,卖盘
1540,10:51:06,4.82,-2.03,0.0,4396,2118872,卖盘
1541,10:51:03,4.82,-2.03,0.0,5,2410,卖盘
1542,10:51:00,4.82,-2.03,-0.01,1116,537912,卖盘
1543,10:50:57,4.83,-1.83,0.01,102,49266,买盘
1544,10:50:54,4.82,-2.03,0.0,6014,2898748,卖盘
1545,10:50:51,4.82,-2.03,-0.01,132,63624,卖盘
1546,10:50:45,4.83,-1.83,0.01,29,14007,买盘
1547,10:50:42,4.82,-2.03,-0.01,2,964,卖盘
1548,10:50:38,4.83,-1.83,0.01,181,87423,买盘
1549,10:50:36,4.82,-2.03,0.0,17,8194,卖盘
1550,10:50:33,4.82,-2.03,-0.01,300,144600,卖盘
1551,10:50:30,4.83,-1.83,0.0,116,56028,买盘
1552,10:50:27,4.83,-1.83,0.0,55,26565,买盘
1553,10:50:24,4.83,-1.83,0.01,8,3864,买盘
1554,10:50:21,4.82,-2.03,0.0,127,61214,卖盘
1555,10:50:14,4.82,-2.03,0.0,287,138334,卖盘
1556,10:50:12,4.82,-2.03,0.0,28,13496,卖盘
1557,10:50:07,4.82,-2.03,0.0,14,6748,卖盘
1558,10:50:04,4.82,-2.03,-0.01,34,16388,卖盘
1559,10:50:01,4.83,-1.83,0.0,93,44919,买盘
1560,10:49:58,4.83,-1.83,0.01,1677,809991,买盘
1561,10:49:52,4.82,-2.03,-0.01,102,49164,卖盘
1562,10:49:49,4.83,-1.83,0.01,138,66654,买盘
1563,10:49:46,4.82,-2.03,0.0,2,964,卖盘
1564,10:49:43,4.82,-2.03,0.0,3,1446,卖盘
1565,10:49:40,4.82,-2.03,0.0,82,39524,卖盘
1566,10:49:37,4.82,-2.03,0.0,134,64588,卖盘
1567,10:49:34,4.82,-2.03,-0.01,1,482,卖盘
1568,10:49:31,4.83,-1.83,0.01,11,5313,买盘
1569,10:49:28,4.82,-2.03,0.0,10,4820,卖盘
1570,10:49:25,4.82,-2.03,0.0,63,30366,卖盘
1571,10:49:22,4.82,-2.03,-0.01,37,17834,卖盘
1572,10:49:19,4.83,-1.83,0.01,366,176778,买盘
1573,10:49:16,4.82,-2.03,-0.01,210,101220,卖盘
1574,10:49:13,4.83,-1.83,0.01,1000,483000,买盘
1575,10:49:10,4.82,-2.03,-0.01,100,48200,卖盘
1576,10:49:07,4.83,-1.83,0.0,5,2415,买盘
1577,10:49:04,4.83,-1.83,0.0,61,29463,买盘
1578,10:49:01,4.83,-1.83,0.0,5,2415,买盘
1579,10:48:58,4.83,-1.83,0.01,81,39123,买盘
1580,10:48:55,4.82,-2.03,0.0,107,51574,卖盘
1581,10:48:52,4.82,-2.03,0.0,174,83868,卖盘
1582,10:48:49,4.82,-2.03,-0.01,285,137370,卖盘
1583,10:48:46,4.83,-1.83,0.01,142,68586,买盘
1584,10:48:40,4.82,-2.03,0.0,1,482,中性盘
1585,10:48:40,4.82,-2.03,0.0,1,482,卖盘
1586,10:48:37,4.82,-2.03,-0.01,109,52538,卖盘
1587,10:48:34,4.83,-1.83,0.01,319,154077,买盘
1588,10:48:31,4.82,-2.03,-0.01,27,13014,卖盘
1589,10:48:28,4.83,-1.83,0.0,24,11592,买盘
1590,10:48:25,4.83,-1.83,0.01,145,70035,买盘
1591,10:48:19,4.82,-2.03,0.0,129,62178,卖盘
1592,10:48:16,4.82,-2.03,-0.01,4,1928,卖盘
1593,10:48:13,4.83,-1.83,0.0,31,14973,买盘
1594,10:48:10,4.83,-1.83,0.01,39,18837,买盘
1595,10:48:04,4.82,-2.03,0.0,32,15424,卖盘
1596,10:48:01,4.82,-2.03,-0.01,20,9640,卖盘
1597,10:47:55,4.83,-1.83,0.01,41,19803,买盘
1598,10:47:52,4.82,-2.03,-0.01,7,3374,卖盘
1599,10:47:49,4.83,-1.83,0.0,114,55062,买盘
1600,10:47:46,4.83,-1.83,0.0,1,483,买盘
1601,10:47:40,4.83,-1.83,0.0,18,8694,买盘
1602,10:47:37,4.83,-1.83,0.01,583,281589,买盘
1603,10:47:34,4.82,-2.03,-0.01,4,1928,卖盘
1604,10:47:31,4.83,-1.83,0.0,1,483,买盘
1605,10:47:28,4.83,-1.83,0.0,31,14973,买盘
1606,10:47:22,4.83,-1.83,0.01,2,966,买盘
1607,10:47:19,4.82,-2.03,0.0,188,90616,卖盘
1608,10:47:16,4.82,-2.03,0.0,128,61696,卖盘
1609,10:47:13,4.82,-2.03,0.0,17,8194,卖盘
1610,10:47:10,4.82,-2.03,-0.01,50,24100,卖盘
1611,10:47:04,4.83,-1.83,0.01,41,19803,买盘
1612,10:47:01,4.82,-2.03,-0.01,144,69408,卖盘
1613,10:46:58,4.83,-1.83,0.01,6,2898,买盘
1614,10:46:55,4.82,-2.03,-0.01,45,21690,卖盘
1615,10:46:49,4.83,-1.83,0.01,247,119301,买盘
1616,10:46:46,4.82,-2.03,0.0,230,110860,卖盘
1617,10:46:43,4.82,-2.03,0.0,1110,535020,卖盘
1618,10:46:40,4.82,-2.03,-0.01,11,5302,卖盘
1619,10:46:37,4.83,-1.83,0.01,34,16422,买盘
1620,10:46:34,4.82,-2.03,-0.01,86,41452,卖盘
1621,10:46:31,4.83,-1.83,0.0,30,14490,买盘
1622,10:46:28,4.83,-1.83,0.01,49,23667,买盘
1623,10:46:25,4.82,-2.03,-0.01,31,14942,卖盘
1624,10:46:19,4.83,-1.83,0.01,181,87423,买盘
1625,10:46:16,4.82,-2.03,0.0,9,4338,卖盘
1626,10:46:13,4.82,-2.03,-0.01,379,182678,卖盘
1627,10:46:10,4.83,-1.83,0.0,61,29463,买盘
1628,10:46:07,4.83,-1.83,0.01,1002,483966,买盘
1629,10:46:04,4.82,-2.03,-0.01,81,39042,卖盘
1630,10:46:01,4.83,-1.83,0.0,26,12558,买盘
1631,10:45:52,4.83,-1.83,0.0,57,27531,买盘
1632,10:45:49,4.83,-1.83,0.01,144,69552,买盘
1633,10:45:46,4.82,-2.03,-0.01,13,6266,卖盘
1634,10:45:43,4.83,-1.83,0.01,156,75348,买盘
1635,10:45:40,4.82,-2.03,-0.01,35,16870,卖盘
1636,10:45:37,4.83,-1.83,0.01,12,5796,买盘
1637,10:45:34,4.82,-2.03,-0.01,413,199066,卖盘
1638,10:45:31,4.83,-1.83,0.0,1,483,买盘
1639,10:45:25,4.83,-1.83,0.0,162,78246,买盘
1640,10:45:22,4.83,-1.83,0.0,102,49266,卖盘
1641,10:45:19,4.83,-1.83,0.0,109,52647,卖盘
1642,10:45:13,4.83,-1.83,0.0,24,11592,卖盘
1643,10:45:10,4.83,-1.83,0.0,81,39123,买盘
1644,10:45:04,4.83,-1.83,0.0,9,4347,中性盘
1645,10:45:04,4.83,-1.83,0.0,9,4347,买盘
1646,10:44:58,4.83,-1.83,0.0,0,0,中性盘
1647,10:44:55,4.83,-1.83,-0.01,39,18837,卖盘
1648,10:44:52,4.84,-1.63,0.01,61,29524,买盘
1649,10:44:49,4.83,-1.83,-0.01,1129,545307,卖盘
1650,10:44:46,4.84,-1.63,0.01,3,1452,买盘
1651,10:44:43,4.83,-1.83,0.0,160,77280,卖盘
1652,10:44:40,4.83,-1.83,0.0,102,49266,卖盘
1653,10:44:37,4.83,-1.83,0.0,44,21252,卖盘
1654,10:44:34,4.83,-1.83,-0.01,291,140553,卖盘
1655,10:44:28,4.84,-1.63,0.0,23,11132,买盘
1656,10:44:22,4.84,-1.63,0.01,50,24200,买盘
1657,10:44:19,4.83,-1.83,-0.01,109,52647,卖盘
1658,10:44:16,4.84,-1.63,0.0,1,484,买盘
1659,10:44:04,4.84,-1.63,0.0,76,36784,买盘
1660,10:44:01,4.84,-1.63,0.0,240,116160,买盘
1661,10:43:55,4.84,-1.63,0.01,42,20328,买盘
1662,10:43:52,4.83,-1.83,0.0,52,25116,卖盘
1663,10:43:49,4.83,-1.83,-0.01,109,52647,卖盘
1664,10:43:46,4.84,-1.63,0.0,2,968,买盘
1665,10:43:40,4.84,-1.63,0.0,18,8712,买盘
1666,10:43:37,4.84,-1.63,0.0,24,11616,买盘
1667,10:43:34,4.84,-1.63,0.0,28,13552,买盘
1668,10:43:25,4.84,-1.63,0.01,2,968,买盘
1669,10:43:22,4.83,-1.83,0.0,3,1449,卖盘
1670,10:43:19,4.83,-1.83,0.0,114,55062,卖盘
1671,10:43:16,4.83,-1.83,-0.01,9,4347,卖盘
1672,10:43:13,4.84,-1.63,0.01,3,1452,买盘
1673,10:43:10,4.83,-1.83,-0.01,30,14490,卖盘
1674,10:43:04,4.84,-1.63,0.01,64,30976,买盘
1675,10:43:01,4.83,-1.83,0.0,100,48300,卖盘
1676,10:42:58,4.83,-1.83,0.0,7,3381,卖盘
1677,10:42:55,4.83,-1.83,0.0,102,49266,卖盘
1678,10:42:52,4.83,-1.83,0.0,2588,1250004,卖盘
1679,10:42:49,4.83,-1.83,0.0,167,80661,卖盘
1680,10:42:46,4.83,-1.83,0.0,16,7728,卖盘
1681,10:42:40,4.83,-1.83,0.0,816,394128,卖盘
1682,10:42:34,4.83,-1.83,0.0,147,71001,卖盘
1683,10:42:31,4.83,-1.83,0.0,43,20769,卖盘
1684,10:42:25,4.83,-1.83,0.0,11,5313,卖盘
1685,10:42:22,4.83,-1.83,0.0,78,37674,卖盘
1686,10:42:19,4.83,-1.83,0.0,118,56994,卖盘
1687,10:42:16,4.83,-1.83,0.0,2,966,卖盘
1688,10:42:13,4.83,-1.83,0.0,3105,1499715,卖盘
1689,10:42:10,4.83,-1.83,0.0,269,129927,卖盘
1690,10:42:07,4.83,-1.83,0.0,323,156009,卖盘
1691,10:42:04,4.83,-1.83,-0.01,25,12075,卖盘
1692,10:41:58,4.84,-1.63,0.01,16,7744,买盘
1693,10:41:55,4.83,-1.83,-0.01,782,377706,卖盘
1694,10:41:52,4.84,-1.63,0.01,91,44044,买盘
1695,10:41:49,4.83,-1.83,0.0,117,56511,卖盘
1696,10:41:46,4.83,-1.83,0.0,6,2898,卖盘
1697,10:41:34,4.83,-1.83,-0.01,2741,1323903,卖盘
1698,10:41:31,4.84,-1.63,0.0,100,48400,买盘
1699,10:41:28,4.84,-1.63,0.01,41,19844,买盘
1700,10:41:25,4.83,-1.83,0.0,16,7728,中性盘
1701,10:41:25,4.83,-1.83,0.0,16,7728,卖盘
1702,10:41:19,4.83,-1.83,-0.01,139,67137,卖盘
1703,10:41:16,4.84,-1.63,0.0,77,37268,买盘
1704,10:41:10,4.84,-1.63,0.0,13,6292,买盘
1705,10:41:07,4.84,-1.63,0.0,43,20812,买盘
1706,10:41:01,4.84,-1.63,0.01,8,3872,买盘
1707,10:40:58,4.83,-1.83,-0.01,26,12558,卖盘
1708,10:40:52,4.84,-1.63,0.01,28,13552,买盘
1709,10:40:49,4.83,-1.83,0.0,116,56028,卖盘
1710,10:40:46,4.83,-1.83,0.0,6,2898,卖盘
1711,10:40:43,4.83,-1.83,0.0,4,1932,卖盘
1712,10:40:37,4.83,-1.83,0.0,201,97083,卖盘
1713,10:40:34,4.83,-1.83,-0.01,1,483,卖盘
1714,10:40:31,4.84,-1.63,0.01,550,266200,买盘
1715,10:40:28,4.83,-1.83,0.0,314,151662,买盘
1716,10:40:25,4.83,-1.83,0.0,30,14490,买盘
1717,10:40:22,4.83,-1.83,0.0,116,56028,买盘
1718,10:40:19,4.83,-1.83,0.0,140,67620,买盘
1719,10:40:16,4.83,-1.83,0.0,17,8211,买盘
1720,10:40:13,4.83,-1.83,0.01,50,24150,买盘
1721,10:40:10,4.82,-2.03,0.0,66,31812,卖盘
1722,10:40:07,4.82,-2.03,-0.01,277,133514,卖盘
1723,10:40:04,4.83,-1.83,0.01,63,30429,买盘
1724,10:39:55,4.82,-2.03,0.0,91,43862,卖盘
1725,10:39:52,4.82,-2.03,-0.01,59,28438,卖盘
1726,10:39:49,4.83,-1.83,0.01,215,103845,买盘
1727,10:39:46,4.82,-2.03,-0.01,321,154722,卖盘
1728,10:39:43,4.83,-1.83,0.0,40,19320,买盘
1729,10:39:40,4.83,-1.83,0.0,61,29463,买盘
1730,10:39:37,4.83,-1.83,0.01,249,120267,买盘
1731,10:39:34,4.82,-2.03,0.0,117,56394,卖盘
1732,10:39:31,4.82,-2.03,-0.01,3,1446,卖盘
1733,10:39:25,4.83,-1.83,0.01,390,188370,买盘
1734,10:39:22,4.82,-2.03,-0.01,2,964,卖盘
1735,10:39:19,4.83,-1.83,0.0,119,57477,买盘
1736,10:39:16,4.83,-1.83,0.0,5,2415,买盘
1737,10:39:13,4.83,-1.83,0.0,30,14490,买盘
1738,10:39:10,4.83,-1.83,0.0,22,10626,买盘
1739,10:39:04,4.83,-1.83,0.0,102,49266,买盘
1740,10:38:58,4.83,-1.83,0.0,793,383019,卖盘
1741,10:38:55,4.83,-1.83,0.0,120,57960,卖盘
1742,10:38:52,4.83,-1.83,-0.01,4,1932,卖盘
1743,10:38:49,4.84,-1.63,0.01,129,62436,买盘
1744,10:38:46,4.83,-1.83,0.0,8,3864,卖盘
1745,10:38:43,4.83,-1.83,-0.01,1268,612444,卖盘
1746,10:38:40,4.84,-1.63,0.01,2,968,买盘
1747,10:38:37,4.83,-1.83,0.0,156,75348,卖盘
1748,10:38:34,4.83,-1.83,0.0,1,483,卖盘
1749,10:38:31,4.83,-1.83,0.0,28,13524,卖盘
1750,10:38:25,4.83,-1.83,-0.01,60,28980,卖盘
1751,10:38:22,4.84,-1.63,0.0,22,10648,买盘
1752,10:38:19,4.84,-1.63,0.01,186,90024,买盘
1753,10:38:13,4.83,-1.83,-0.01,1,483,卖盘
1754,10:38:10,4.84,-1.63,0.01,91,44044,买盘
1755,10:38:07,4.83,-1.83,0.0,86,41538,卖盘
1756,10:38:04,4.83,-1.83,0.0,145,70035,卖盘
1757,10:38:01,4.83,-1.83,-0.01,200,96600,卖盘
1758,10:37:58,4.84,-1.63,0.01,27,13068,买盘
1759,10:37:55,4.83,-1.83,0.0,3,1449,卖盘
1760,10:37:52,4.83,-1.83,0.0,16,7728,买盘
1761,10:37:49,4.83,-1.83,0.0,110,53130,买盘
1762,10:37:46,4.83,-1.83,0.0,122,58926,中性盘
1763,10:37:46,4.83,-1.83,0.0,122,58926,买盘
1764,10:37:43,4.83,-1.83,0.0,947,457401,卖盘
1765,10:37:40,4.83,-1.83,0.0,97,46851,卖盘
1766,10:37:34,4.83,-1.83,0.0,1,483,卖盘
1767,10:37:31,4.83,-1.83,0.0,40,19320,卖盘
1768,10:37:28,4.83,-1.83,0.0,130,62790,卖盘
1769,10:37:25,4.83,-1.83,0.0,157,75831,卖盘
1770,10:37:22,4.83,-1.83,0.0,191,92253,卖盘
1771,10:37:19,4.83,-1.83,0.0,131,63273,卖盘
1772,10:37:13,4.83,-1.83,0.0,998,482034,卖盘
1773,10:37:10,4.83,-1.83,0.0,6,2898,卖盘
1774,10:37:07,4.83,-1.83,-0.01,147,71001,卖盘
1775,10:37:04,4.84,-1.63,0.0,60,29040,买盘
1776,10:36:58,4.84,-1.63,0.01,6,2904,买盘
1777,10:36:55,4.83,-1.83,-0.01,162,78246,卖盘
1778,10:36:52,4.84,-1.63,0.01,81,39204,买盘
1779,10:36:49,4.83,-1.83,0.0,119,57477,卖盘
1780,10:36:46,4.83,-1.83,-0.01,16,7728,卖盘
1781,10:36:43,4.84,-1.63,0.01,383,185372,买盘
1782,10:36:37,4.83,-1.83,-0.01,5,2415,卖盘
1783,10:36:34,4.84,-1.63,0.01,28,13552,买盘
1784,10:36:31,4.83,-1.83,-0.01,19,9177,卖盘
1785,10:36:28,4.84,-1.63,0.01,196,94864,买盘
1786,10:36:25,4.83,-1.83,0.0,891,430353,卖盘
1787,10:36:22,4.83,-1.83,0.0,88,42504,卖盘
1788,10:36:19,4.83,-1.83,-0.01,110,53130,卖盘
1789,10:36:16,4.84,-1.63,0.01,2,968,买盘
1790,10:36:13,4.83,-1.83,-0.01,15,7245,卖盘
1791,10:36:10,4.84,-1.63,0.01,10,4840,买盘
1792,10:36:07,4.83,-1.83,0.0,120,57960,卖盘
1793,10:36:04,4.83,-1.83,0.0,68,32844,卖盘
1794,10:36:01,4.83,-1.83,-0.01,45,21735,卖盘
1795,10:35:58,4.84,-1.63,0.0,7,3388,买盘
1796,10:35:55,4.84,-1.63,0.01,1,484,买盘
1797,10:35:49,4.83,-1.83,-0.01,1323,639009,卖盘
1798,10:35:46,4.84,-1.63,0.0,2,968,买盘
1799,10:35:43,4.84,-1.63,0.01,6,2904,买盘
1800,10:35:40,4.83,-1.83,0.0,3,1449,卖盘
1801,10:35:37,4.83,-1.83,0.0,81,39123,卖盘
1802,10:35:34,4.83,-1.83,0.0,2,966,卖盘
1803,10:35:31,4.83,-1.83,-0.01,18,8694,卖盘
1804,10:35:27,4.84,-1.63,0.0,9,4356,买盘
1805,10:35:24,4.84,-1.63,0.01,1,484,买盘
1806,10:35:22,4.83,-1.83,0.0,10,4830,卖盘
1807,10:35:19,4.83,-1.83,-0.01,410,198030,卖盘
1808,10:35:15,4.84,-1.63,0.01,145,70180,买盘
1809,10:35:13,4.83,-1.83,0.0,3,1449,卖盘
1810,10:35:10,4.83,-1.83,-0.01,56,27048,卖盘
1811,10:35:03,4.84,-1.63,0.0,20,9680,买盘
1812,10:35:01,4.84,-1.63,0.01,94,45496,买盘
1813,10:34:55,4.83,-1.83,0.0,56,27048,卖盘
1814,10:34:51,4.83,-1.83,0.0,717,346311,卖盘
1815,10:34:48,4.83,-1.83,-0.01,109,52647,卖盘
1816,10:34:45,4.84,-1.63,0.0,119,57596,买盘
1817,10:34:39,4.84,-1.63,0.01,32,15488,买盘
1818,10:34:33,4.83,-1.83,-0.01,1,483,卖盘
1819,10:34:30,4.84,-1.63,0.0,912,441408,买盘
1820,10:34:27,4.84,-1.63,0.0,65,31460,买盘
1821,10:34:24,4.84,-1.63,0.01,41,19844,买盘
1822,10:34:21,4.83,-1.83,-0.01,111,53613,卖盘
1823,10:34:18,4.84,-1.63,0.0,1,484,买盘
1824,10:34:15,4.84,-1.63,0.0,300,145200,买盘
1825,10:34:09,4.84,-1.63,0.0,145,70180,中性盘
1826,10:34:09,4.84,-1.63,0.01,145,70180,买盘
1827,10:34:06,4.83,-1.83,-0.01,68,32844,卖盘
1828,10:34:03,4.84,-1.63,0.01,1,484,买盘
1829,10:34:00,4.83,-1.83,-0.01,831,401373,卖盘
1830,10:33:57,4.84,-1.63,0.0,3,1452,买盘
1831,10:33:54,4.84,-1.63,0.0,16,7744,买盘
1832,10:33:51,4.84,-1.63,0.01,692,334928,买盘
1833,10:33:48,4.83,-1.83,-0.01,21,10143,卖盘
1834,10:33:45,4.84,-1.63,0.01,2,968,买盘
1835,10:33:39,4.83,-1.83,-0.01,46,22218,卖盘
1836,10:33:36,4.84,-1.63,0.01,47,22748,买盘
1837,10:33:33,4.83,-1.83,-0.01,26,12558,卖盘
1838,10:33:24,4.84,-1.63,0.01,271,131164,买盘
1839,10:33:21,4.83,-1.83,0.0,109,52647,卖盘
1840,10:33:18,4.83,-1.83,-0.01,50,24150,卖盘
1841,10:33:15,4.84,-1.63,0.0,5,2420,买盘
1842,10:33:12,4.84,-1.63,0.01,143,69212,买盘
1843,10:33:09,4.83,-1.83,-0.01,10,4830,卖盘
1844,10:33:03,4.84,-1.63,0.0,141,68244,买盘
1845,10:32:54,4.84,-1.63,0.01,20,9680,买盘
1846,10:32:51,4.83,-1.83,0.0,111,53613,卖盘
1847,10:32:48,4.83,-1.83,0.0,27,13041,卖盘
1848,10:32:45,4.83,-1.83,0.0,14,6762,卖盘
1849,10:32:42,4.83,-1.83,0.0,10,4830,卖盘
1850,10:32:36,4.83,-1.83,-0.01,3,1449,卖盘
1851,10:32:33,4.84,-1.63,0.01,98,47432,买盘
1852,10:32:27,4.83,-1.83,0.0,13,6279,卖盘
1853,10:32:21,4.83,-1.83,-0.01,112,54096,卖盘
1854,10:32:18,4.84,-1.63,0.0,61,29524,买盘
1855,10:32:15,4.84,-1.63,0.0,22,10648,买盘
1856,10:32:09,4.84,-1.63,0.01,471,227964,买盘
1857,10:32:06,4.83,-1.83,0.01,1010,487830,买盘
1858,10:32:03,4.82,-2.03,-0.01,501,241482,卖盘
1859,10:32:00,4.83,-1.83,0.0,55,26565,买盘
1860,10:31:57,4.83,-1.83,0.0,21,10143,买盘
1861,10:31:54,4.83,-1.83,0.0,122,58926,买盘
1862,10:31:51,4.83,-1.83,0.0,132,63756,买盘
1863,10:31:48,4.83,-1.83,0.0,2,966,买盘
1864,10:31:45,4.83,-1.83,0.0,1113,537579,卖盘
1865,10:31:36,4.83,-1.83,-0.01,1,483,卖盘
1866,10:31:30,4.84,-1.63,0.0,6,2904,买盘
1867,10:31:27,4.84,-1.63,0.01,17,8228,买盘
1868,10:31:21,4.83,-1.83,0.0,117,56511,卖盘
1869,10:31:18,4.83,-1.83,-0.01,8,3864,卖盘
1870,10:31:12,4.84,-1.63,0.01,53,25652,买盘
1871,10:31:09,4.83,-1.83,0.0,11,5313,卖盘
1872,10:31:06,4.83,-1.83,-0.01,33,15939,卖盘
1873,10:31:03,4.84,-1.63,0.01,23,11132,买盘
1874,10:31:00,4.83,-1.83,0.0,84,40572,卖盘
1875,10:30:57,4.83,-1.83,0.0,73,35259,买盘
1876,10:30:54,4.83,-1.83,0.0,63,30429,买盘
1877,10:30:51,4.83,-1.83,0.0,285,137655,卖盘
1878,10:30:48,4.83,-1.83,0.0,33,15939,卖盘
1879,10:30:42,4.83,-1.83,0.0,583,281589,卖盘
1880,10:30:39,4.83,-1.83,0.0,6,2898,卖盘
1881,10:30:36,4.83,-1.83,-0.01,1,483,卖盘
1882,10:30:33,4.84,-1.63,0.0,20,9680,买盘
1883,10:30:30,4.84,-1.63,0.0,150,72600,中性盘
1884,10:30:30,4.84,-1.63,0.01,150,72600,买盘
1885,10:30:27,4.83,-1.83,0.0,13,6279,卖盘
1886,10:30:24,4.83,-1.83,-0.01,16,7728,卖盘
1887,10:30:21,4.84,-1.63,0.01,246,119064,买盘
1888,10:30:15,4.83,-1.83,0.0,21,10143,买盘
1889,10:30:12,4.83,-1.83,0.0,12,5796,买盘
1890,10:30:09,4.83,-1.83,0.0,12,5796,买盘
1891,10:30:06,4.83,-1.83,0.0,40,19320,买盘
1892,10:30:03,4.83,-1.83,0.01,50,24150,买盘
1893,10:30:00,4.82,-2.03,0.0,118,56876,卖盘
1894,10:29:56,4.82,-2.03,-0.01,75,36150,卖盘
1895,10:29:51,4.83,-1.83,0.0,265,127995,买盘
1896,10:29:48,4.83,-1.83,0.01,340,164220,买盘
1897,10:29:44,4.82,-2.03,-0.01,111,53502,卖盘
1898,10:29:42,4.83,-1.83,0.0,27,13041,买盘
1899,10:29:39,4.83,-1.83,0.01,119,57477,买盘
1900,10:29:35,4.82,-2.03,0.0,1,482,卖盘
1901,10:29:32,4.82,-2.03,-0.01,45,21690,卖盘
1902,10:29:29,4.83,-1.83,0.0,21,10143,买盘
1903,10:29:27,4.83,-1.83,0.0,451,217833,买盘
1904,10:29:23,4.83,-1.83,0.0,10,4830,买盘
1905,10:29:19,4.83,-1.83,0.0,502,242466,买盘
1906,10:29:16,4.83,-1.83,0.0,48,23184,买盘
1907,10:29:14,4.83,-1.83,0.0,210,101430,买盘
1908,10:29:10,4.83,-1.83,0.0,24,11592,买盘
1909,10:29:07,4.83,-1.83,0.0,262,126546,买盘
1910,10:29:04,4.83,-1.83,-0.01,676,326508,卖盘
1911,10:29:02,4.84,-1.63,0.0,1,484,买盘
1912,10:28:59,4.84,-1.63,0.02,50,24200,买盘
1913,10:28:49,4.82,-2.03,-0.01,150,72300,卖盘
1914,10:28:46,4.83,-1.83,0.0,62,29946,买盘
1915,10:28:43,4.83,-1.83,0.0,14,6762,买盘
1916,10:28:40,4.83,-1.83,-0.01,68,32844,中性盘
1917,10:28:37,4.84,-1.63,0.01,312,151008,买盘
1918,10:28:34,4.83,-1.83,0.0,283,136689,卖盘
1919,10:28:31,4.83,-1.83,0.0,212,102396,卖盘
1920,10:28:28,4.83,-1.83,0.0,183,88389,卖盘
1921,10:28:22,4.83,-1.83,0.0,33,15939,卖盘
1922,10:28:19,4.83,-1.83,0.0,108,52164,卖盘
1923,10:28:16,4.83,-1.83,0.0,5,2415,卖盘
1924,10:28:13,4.83,-1.83,0.0,24,11592,卖盘
1925,10:28:10,4.83,-1.83,0.0,100,48300,买盘
1926,10:28:07,4.83,-1.83,0.0,448,216384,买盘
1927,10:28:04,4.83,-1.83,0.0,52,25116,买盘
1928,10:28:01,4.83,-1.83,0.0,69,33327,买盘
1929,10:27:58,4.83,-1.83,0.0,858,414414,买盘
1930,10:27:55,4.83,-1.83,0.0,86,41538,买盘
1931,10:27:52,4.83,-1.83,0.0,24,11592,买盘
1932,10:27:49,4.83,-1.83,0.01,213,102879,买盘
1933,10:27:46,4.82,-2.03,-0.01,751,361982,卖盘
1934,10:27:43,4.83,-1.83,0.0,31,14973,买盘
1935,10:27:40,4.83,-1.83,0.0,33,15939,买盘
1936,10:27:37,4.83,-1.83,0.0,81,39123,买盘
1937,10:27:34,4.83,-1.83,0.01,50,24150,买盘
1938,10:27:28,4.82,-2.03,-0.01,287,138334,卖盘
1939,10:27:25,4.83,-1.83,0.01,136,65688,买盘
1940,10:27:22,4.82,-2.03,0.0,233,112306,卖盘
1941,10:27:19,4.82,-2.03,-0.01,221,106522,卖盘
1942,10:27:16,4.83,-1.83,0.0,8,3864,买盘
1943,10:27:13,4.83,-1.83,0.0,80,38640,买盘
1944,10:27:10,4.83,-1.83,0.0,56,27048,买盘
1945,10:27:07,4.83,-1.83,0.0,7,3381,买盘
1946,10:27:04,4.83,-1.83,0.0,30,14490,买盘
1947,10:27:01,4.83,-1.83,0.0,9,4347,买盘
1948,10:26:58,4.83,-1.83,0.01,57,27531,买盘
1949,10:26:55,4.82,-2.03,0.0,1146,552372,卖盘
1950,10:26:52,4.82,-2.03,0.0,110,53020,中性盘
1951,10:26:52,4.82,-2.03,-0.01,110,53020,卖盘
1952,10:26:49,4.83,-1.83,0.0,185,89355,买盘
1953,10:26:46,4.83,-1.83,0.0,49,23667,买盘
1954,10:26:43,4.83,-1.83,0.0,60,28980,买盘
1955,10:26:40,4.83,-1.83,0.01,48,23184,买盘
1956,10:26:37,4.82,-2.03,0.0,1,482,卖盘
1957,10:26:34,4.82,-2.03,-0.01,120,57840,卖盘
1958,10:26:31,4.83,-1.83,0.01,103,49749,买盘
1959,10:26:28,4.82,-2.03,0.0,60,28920,卖盘
1960,10:26:25,4.82,-2.03,0.0,590,284380,卖盘
1961,10:26:22,4.82,-2.03,-0.01,2,964,卖盘
1962,10:26:19,4.83,-1.83,0.0,188,90804,买盘
1963,10:26:16,4.83,-1.83,0.01,37,17871,买盘
1964,10:26:13,4.82,-2.03,-0.01,114,54948,卖盘
1965,10:26:10,4.83,-1.83,0.0,10,4830,买盘
1966,10:26:07,4.83,-1.83,0.01,204,98532,买盘
1967,10:26:01,4.82,-2.03,-0.01,40,19280,卖盘
1968,10:25:58,4.83,-1.83,0.01,2,966,买盘
1969,10:25:55,4.82,-2.03,-0.01,282,135924,卖盘
1970,10:25:52,4.83,-1.83,0.0,917,442911,买盘
1971,10:25:49,4.83,-1.83,0.0,250,120750,买盘
1972,10:25:46,4.83,-1.83,0.0,131,63273,买盘
1973,10:25:43,4.83,-1.83,0.0,122,58926,买盘
1974,10:25:40,4.83,-1.83,0.01,8,3864,买盘
1975,10:25:37,4.82,-2.03,-0.01,41,19762,卖盘
1976,10:25:34,4.83,-1.83,0.01,95,45885,买盘
1977,10:25:31,4.82,-2.03,-0.01,75,36150,卖盘
1978,10:25:28,4.83,-1.83,0.01,223,107709,买盘
1979,10:25:25,4.82,-2.03,0.0,109,52538,卖盘
1980,10:25:22,4.82,-2.03,0.0,28,13496,卖盘
1981,10:25:19,4.82,-2.03,-0.01,166,80012,卖盘
1982,10:25:16,4.83,-1.83,0.01,21,10143,买盘
1983,10:25:13,4.82,-2.03,-0.01,33,15906,卖盘
1984,10:25:10,4.83,-1.83,0.0,199,96117,买盘
1985,10:25:07,4.83,-1.83,0.0,29,14007,买盘
1986,10:25:04,4.83,-1.83,0.0,145,70035,买盘
1987,10:25:01,4.83,-1.83,-0.01,53,25599,卖盘
1988,10:24:58,4.84,-1.63,0.01,16,7744,买盘
1989,10:24:55,4.83,-1.83,0.01,1,483,中性盘
1990,10:24:52,4.82,-2.03,0.0,112,53984,卖盘
1991,10:24:49,4.82,-2.03,-0.02,109,52538,卖盘
1992,10:24:43,4.84,-1.63,0.0,571,276364,买盘
1993,10:24:40,4.84,-1.63,0.01,32,15488,买盘
1994,10:24:37,4.83,-1.83,0.0,108,52164,买盘
1995,10:24:34,4.83,-1.83,0.0,505,243915,卖盘
1996,10:24:31,4.83,-1.83,-0.01,400,193200,卖盘
1997,10:24:25,4.84,-1.63,0.0,100,48400,买盘
1998,10:24:22,4.84,-1.63,0.01,10,4840,买盘
1999,10:24:19,4.83,-1.83,0.0,277,133791,卖盘
2000,10:24:16,4.83,-1.83,-0.01,94,45402,卖盘
2001,10:24:13,4.84,-1.63,0.01,21,10164,买盘
2002,10:24:10,4.83,-1.83,-0.01,48,23184,卖盘
2003,10:24:07,4.84,-1.63,0.0,10,4840,买盘
2004,10:24:04,4.84,-1.63,0.01,10,4840,买盘
2005,10:23:58,4.83,-1.83,0.0,7,3381,卖盘
2006,10:23:55,4.83,-1.83,0.0,55,26565,卖盘
2007,10:23:52,4.83,-1.83,0.0,30,14490,卖盘
2008,10:23:49,4.83,-1.83,-0.01,299,144417,卖盘
2009,10:23:46,4.84,-1.63,0.0,3,1452,买盘
2010,10:23:43,4.84,-1.63,0.01,2,968,买盘
2011,10:23:40,4.83,-1.83,0.0,6,2898,卖盘
2012,10:23:37,4.83,-1.83,0.0,192,92736,卖盘
2013,10:23:34,4.83,-1.83,0.0,131,63273,卖盘
2014,10:23:28,4.83,-1.83,-0.01,1,483,卖盘
2015,10:23:25,4.84,-1.63,0.01,16,7744,买盘
2016,10:23:22,4.83,-1.83,0.0,10,4830,卖盘
2017,10:23:19,4.83,-1.83,-0.01,109,52647,卖盘
2018,10:23:16,4.84,-1.63,0.01,89,43076,买盘
2019,10:23:13,4.83,-1.83,0.0,527,254541,中性盘
2020,10:23:13,4.83,-1.83,-0.01,527,254541,卖盘
2021,10:23:10,4.84,-1.63,0.01,50,24200,买盘
2022,10:23:07,4.83,-1.83,0.0,103,49749,卖盘
2023,10:23:04,4.83,-1.83,0.0,5,2415,卖盘
2024,10:23:01,4.83,-1.83,0.0,91,43953,卖盘
2025,10:22:58,4.83,-1.83,0.0,10,4830,卖盘
2026,10:22:55,4.83,-1.83,0.0,205,99015,卖盘
2027,10:22:52,4.83,-1.83,0.0,185,89355,卖盘
2028,10:22:49,4.83,-1.83,-0.01,109,52647,卖盘
2029,10:22:46,4.84,-1.63,0.01,44,21296,买盘
2030,10:22:43,4.83,-1.83,0.0,60,28980,卖盘
2031,10:22:40,4.83,-1.83,0.0,1592,768936,卖盘
2032,10:22:37,4.83,-1.83,0.0,7,3381,卖盘
2033,10:22:34,4.83,-1.83,0.0,80,38640,卖盘
2034,10:22:31,4.83,-1.83,-0.01,482,232806,卖盘
2035,10:22:28,4.84,-1.63,0.0,7,3388,买盘
2036,10:22:22,4.84,-1.63,0.01,9,4356,买盘
2037,10:22:19,4.83,-1.83,-0.01,133,64239,卖盘
2038,10:22:16,4.84,-1.63,0.01,138,66792,买盘
2039,10:22:13,4.83,-1.83,0.0,223,107709,卖盘
2040,10:22:07,4.83,-1.83,0.0,57,27531,卖盘
2041,10:22:04,4.83,-1.83,0.0,112,54096,卖盘
2042,10:22:01,4.83,-1.83,-0.01,424,204792,卖盘
2043,10:21:58,4.84,-1.63,0.0,61,29524,买盘
2044,10:21:55,4.84,-1.63,0.0,19,9196,买盘
2045,10:21:52,4.84,-1.63,0.01,116,56144,买盘
2046,10:21:49,4.83,-1.83,-0.01,108,52164,卖盘
2047,10:21:46,4.84,-1.63,0.0,5,2420,买盘
2048,10:21:43,4.84,-1.63,0.01,2,968,买盘
2049,10:21:37,4.83,-1.83,-0.01,150,72450,卖盘
2050,10:21:34,4.84,-1.63,0.0,27,13068,买盘
2051,10:21:31,4.84,-1.63,0.01,1,484,买盘
2052,10:21:28,4.83,-1.83,-0.01,23,11109,卖盘
2053,10:21:25,4.84,-1.63,0.01,5,2420,买盘
2054,10:21:19,4.83,-1.83,-0.01,109,52647,卖盘
2055,10:21:07,4.84,-1.63,0.0,340,164560,买盘
2056,10:21:04,4.84,-1.63,0.0,11,5324,买盘
2057,10:21:01,4.84,-1.63,0.0,27,13068,买盘
2058,10:20:58,4.84,-1.63,0.0,64,30976,买盘
2059,10:20:55,4.84,-1.63,0.01,25,12100,买盘
2060,10:20:52,4.83,-1.83,-0.01,2,966,卖盘
2061,10:20:49,4.84,-1.63,0.0,152,73568,买盘
2062,10:20:46,4.84,-1.63,0.0,40,19360,买盘
2063,10:20:43,4.84,-1.63,0.01,32,15488,买盘
2064,10:20:40,4.83,-1.83,-0.01,590,284970,卖盘
2065,10:20:34,4.84,-1.63,-0.01,1,484,卖盘
2066,10:20:28,4.85,-1.42,0.01,58,28130,买盘
2067,10:20:25,4.84,-1.63,0.0,129,62436,卖盘
2068,10:20:22,4.84,-1.63,-0.01,13,6292,卖盘
2069,10:20:19,4.85,-1.42,0.01,119,57715,买盘
2070,10:20:16,4.84,-1.63,0.0,6,2904,卖盘
2071,10:20:13,4.84,-1.63,0.0,20,9680,卖盘
2072,10:20:10,4.84,-1.63,0.0,155,75020,卖盘
2073,10:20:07,4.84,-1.63,0.0,172,83248,卖盘
2074,10:20:04,4.84,-1.63,-0.01,2627,1271468,卖盘
2075,10:20:01,4.85,-1.42,0.01,25,12125,买盘
2076,10:19:58,4.84,-1.63,0.0,39,18876,卖盘
2077,10:19:55,4.84,-1.63,0.0,89,43076,卖盘
2078,10:19:52,4.84,-1.63,0.0,1145,554180,卖盘
2079,10:19:49,4.84,-1.63,0.0,111,53724,卖盘
2080,10:19:46,4.84,-1.63,0.0,3941,1907444,买盘
2081,10:19:43,4.84,-1.63,0.01,253,122452,买盘
2082,10:19:37,4.83,-1.83,0.0,59,28497,卖盘
2083,10:19:37,4.83,-1.83,0.0,59,28497,中性盘
2084,10:19:37,4.83,-1.83,0.0,59,28497,卖盘
2085,10:19:34,4.83,-1.83,0.0,9,4347,卖盘
2086,10:19:31,4.83,-1.83,-0.01,622,300426,卖盘
2087,10:19:25,4.84,-1.63,0.01,250,121000,买盘
2088,10:19:22,4.83,-1.83,0.0,1,483,卖盘
2089,10:19:19,4.83,-1.83,-0.01,112,54096,卖盘
2090,10:19:16,4.84,-1.63,0.0,37,17908,买盘
2091,10:19:13,4.84,-1.63,0.0,16,7744,买盘
2092,10:19:10,4.84,-1.63,0.0,46,22264,买盘
2093,10:19:07,4.84,-1.63,0.0,111,53724,买盘
2094,10:19:04,4.84,-1.63,0.01,261,126324,买盘
2095,10:19:01,4.83,-1.83,0.0,63,30429,卖盘
2096,10:18:58,4.83,-1.83,-0.01,117,56511,卖盘
2097,10:18:55,4.84,-1.63,0.0,180,87120,买盘
2098,10:18:52,4.84,-1.63,0.01,52,25168,买盘
2099,10:18:49,4.83,-1.83,-0.01,109,52647,卖盘
2100,10:18:46,4.84,-1.63,0.0,51,24684,买盘
2101,10:18:43,4.84,-1.63,0.01,259,125356,买盘
2102,10:18:37,4.83,-1.83,-0.01,3,1449,卖盘
2103,10:18:34,4.84,-1.63,0.01,57,27588,买盘
2104,10:18:31,4.83,-1.83,-0.01,3,1449,卖盘
2105,10:18:25,4.84,-1.63,0.0,250,121000,买盘
2106,10:18:22,4.84,-1.63,0.01,23,11132,买盘
2107,10:18:19,4.83,-1.83,-0.01,118,56994,卖盘
2108,10:18:16,4.84,-1.63,0.0,86,41624,买盘
2109,10:18:13,4.84,-1.63,0.01,4,1936,买盘
2110,10:18:10,4.83,-1.83,0.0,1,483,卖盘
2111,10:18:07,4.83,-1.83,-0.01,20,9660,卖盘
2112,10:18:04,4.84,-1.63,0.0,273,132132,买盘
2113,10:18:01,4.84,-1.63,0.01,70,33880,买盘
2114,10:17:58,4.83,-1.83,0.0,7,3381,卖盘
2115,10:17:55,4.83,-1.83,0.0,1,483,卖盘
2116,10:17:52,4.83,-1.83,-0.01,1,483,卖盘
2117,10:17:49,4.84,-1.63,0.01,598,289432,买盘
2118,10:17:46,4.83,-1.83,-0.01,103,49749,卖盘
2119,10:17:43,4.84,-1.63,0.01,608,294272,买盘
2120,10:17:40,4.83,-1.83,0.0,10,4830,卖盘
2121,10:17:37,4.83,-1.83,-0.01,370,178710,卖盘
2122,10:17:34,4.84,-1.63,0.01,26,12584,买盘
2123,10:17:31,4.83,-1.83,-0.01,23,11109,卖盘
2124,10:17:25,4.84,-1.63,0.01,307,148588,买盘
2125,10:17:22,4.83,-1.83,0.0,122,58926,卖盘
2126,10:17:19,4.83,-1.83,0.0,109,52647,卖盘
2127,10:17:16,4.83,-1.83,0.0,103,49749,卖盘
2128,10:17:10,4.83,-1.83,-0.01,155,74865,卖盘
2129,10:17:04,4.84,-1.63,0.01,297,143748,买盘
2130,10:17:01,4.83,-1.83,-0.01,14,6762,卖盘
2131,10:16:58,4.84,-1.63,0.01,20,9680,买盘
2132,10:16:55,4.83,-1.83,0.0,1,483,卖盘
2133,10:16:52,4.83,-1.83,0.0,282,136206,卖盘
2134,10:16:49,4.83,-1.83,0.0,110,53130,卖盘
2135,10:16:46,4.83,-1.83,-0.01,104,50232,卖盘
2136,10:16:43,4.84,-1.63,0.0,420,203280,买盘
2137,10:16:40,4.84,-1.63,0.0,27,13068,买盘
2138,10:16:37,4.84,-1.63,0.01,162,78408,买盘
2139,10:16:34,4.83,-1.83,0.0,1,483,卖盘
2140,10:16:31,4.83,-1.83,0.0,51,24633,卖盘
2141,10:16:25,4.83,-1.83,-0.01,460,222180,卖盘
2142,10:16:22,4.84,-1.63,0.01,23,11132,买盘
2143,10:16:19,4.83,-1.83,-0.01,273,131859,卖盘
2144,10:16:16,4.84,-1.63,0.01,98,47432,买盘
2145,10:16:13,4.83,-1.83,-0.01,5,2415,卖盘
2146,10:16:10,4.84,-1.63,0.01,200,96800,买盘
2147,10:16:04,4.83,-1.83,0.0,453,218799,卖盘
2148,10:16:01,4.83,-1.83,-0.01,158,76314,卖盘
2149,10:15:55,4.84,-1.63,-0.01,141,68244,中性盘
2150,10:15:55,4.84,-1.63,0.01,141,68244,买盘
2151,10:15:49,4.83,-1.83,-0.01,149,71967,卖盘
2152,10:15:46,4.84,-1.63,0.0,230,111320,买盘
2153,10:15:43,4.84,-1.63,0.01,309,149556,买盘
2154,10:15:40,4.83,-1.83,0.0,22,10626,卖盘
2155,10:15:37,4.83,-1.83,0.0,238,114954,卖盘
2156,10:15:34,4.83,-1.83,0.0,10,4830,卖盘
2157,10:15:31,4.83,-1.83,0.0,176,85008,卖盘
2158,10:15:28,4.83,-1.83,0.0,50,24150,卖盘
2159,10:15:25,4.83,-1.83,-0.01,454,219282,卖盘
2160,10:15:22,4.84,-1.63,0.01,300,145200,买盘
2161,10:15:19,4.83,-1.83,-0.01,179,86457,卖盘
2162,10:15:16,4.84,-1.63,0.01,60,29040,买盘
2163,10:15:12,4.83,-1.83,0.0,10,4830,卖盘
2164,10:15:10,4.83,-1.83,-0.01,120,57960,卖盘
2165,10:15:07,4.84,-1.63,0.0,2,968,买盘
2166,10:15:04,4.84,-1.63,0.01,251,121484,买盘
2167,10:15:01,4.83,-1.83,0.0,1,483,卖盘
2168,10:14:57,4.83,-1.83,-0.01,10,4830,卖盘
2169,10:14:55,4.84,-1.63,0.01,372,180048,买盘
2170,10:14:51,4.83,-1.83,0.0,139,67137,买盘
2171,10:14:48,4.83,-1.83,0.0,121,58443,买盘
2172,10:14:42,4.83,-1.83,0.0,712,343896,买盘
2173,10:14:39,4.83,-1.83,0.0,32,15456,买盘
2174,10:14:36,4.83,-1.83,0.01,90,43470,买盘
2175,10:14:33,4.82,-2.03,0.0,178,85796,卖盘
2176,10:14:30,4.82,-2.03,-0.01,471,227022,卖盘
2177,10:14:27,4.83,-1.83,0.0,750,362250,买盘
2178,10:14:24,4.83,-1.83,0.01,184,88872,买盘
2179,10:14:21,4.82,-2.03,-0.01,432,208224,卖盘
2180,10:14:18,4.83,-1.83,0.0,9,4347,买盘
2181,10:14:15,4.83,-1.83,0.0,1,483,买盘
2182,10:14:12,4.83,-1.83,0.0,603,291249,买盘
2183,10:14:09,4.83,-1.83,0.0,28,13524,买盘
2184,10:14:06,4.83,-1.83,0.01,790,381570,买盘
2185,10:14:03,4.82,-2.03,-0.01,87,41934,卖盘
2186,10:14:00,4.83,-1.83,0.0,106,51198,买盘
2187,10:13:57,4.83,-1.83,0.01,343,165669,买盘
2188,10:13:54,4.82,-2.03,-0.01,571,275222,卖盘
2189,10:13:51,4.83,-1.83,0.01,608,293664,买盘
2190,10:13:48,4.82,-2.03,-0.01,1,482,卖盘
2191,10:13:45,4.83,-1.83,0.01,383,184989,买盘
2192,10:13:42,4.82,-2.03,-0.01,502,241964,卖盘
2193,10:13:39,4.83,-1.83,0.01,159,76797,买盘
2194,10:13:36,4.82,-2.03,0.0,30,14460,卖盘
2195,10:13:33,4.82,-2.03,-0.01,29,13978,卖盘
2196,10:13:30,4.83,-1.83,0.01,544,262752,买盘
2197,10:13:27,4.82,-2.03,-0.01,857,413074,卖盘
2198,10:13:24,4.83,-1.83,0.01,147,71001,买盘
2199,10:13:21,4.82,-2.03,-0.01,648,312336,卖盘
2200,10:13:18,4.83,-1.83,0.01,365,176295,买盘
2201,10:13:15,4.82,-2.03,0.0,68,32776,卖盘
2202,10:13:12,4.82,-2.03,-0.01,800,385600,卖盘
2203,10:13:09,4.83,-1.83,0.01,84,40572,买盘
2204,10:13:06,4.82,-2.03,0.0,323,155686,卖盘
2205,10:13:03,4.82,-2.03,0.0,174,83868,卖盘
2206,10:13:00,4.82,-2.03,-0.01,353,170146,卖盘
2207,10:12:57,4.83,-1.83,0.0,187,90321,买盘
2208,10:12:54,4.83,-1.83,0.01,139,67137,买盘
2209,10:12:51,4.82,-2.03,0.0,1156,557192,买盘
2210,10:12:48,4.82,-2.03,0.0,717,345594,买盘
2211,10:12:45,4.82,-2.03,0.0,369,177858,买盘
2212,10:12:42,4.82,-2.03,-0.01,11,5302,买盘
2213,10:12:39,4.83,-1.83,0.01,4796,2316468,买盘
2214,10:12:36,4.82,-2.03,0.0,677,326314,卖盘
2215,10:12:33,4.82,-2.03,0.0,1035,498870,卖盘
2216,10:12:30,4.82,-2.03,0.0,707,340774,卖盘
2217,10:12:27,4.82,-2.03,0.0,1306,629492,卖盘
2218,10:12:24,4.82,-2.03,0.0,2368,1141376,卖盘
2219,10:12:21,4.82,-2.03,0.0,32,15424,卖盘
2220,10:12:18,4.82,-2.03,0.0,1163,560566,中性盘
2221,10:12:18,4.82,-2.03,0.0,1163,560566,卖盘
2222,10:12:15,4.82,-2.03,0.0,2409,1161138,卖盘
2223,10:12:12,4.82,-2.03,0.0,6,2892,卖盘
2224,10:12:09,4.82,-2.03,-0.01,1238,596716,卖盘
2225,10:12:06,4.83,-1.83,0.01,254,122682,买盘
2226,10:12:03,4.82,-2.03,0.0,210,101220,卖盘
2227,10:12:00,4.82,-2.03,0.0,362,174484,卖盘
2228,10:11:57,4.82,-2.03,0.0,111,53502,卖盘
2229,10:11:54,4.82,-2.03,-0.01,157,75674,卖盘
2230,10:11:48,4.83,-1.83,0.01,968,467544,买盘
2231,10:11:45,4.82,-2.03,0.0,487,234734,卖盘
2232,10:11:42,4.82,-2.03,0.0,1747,842054,卖盘
2233,10:11:39,4.82,-2.03,0.0,136,65552,卖盘
2234,10:11:36,4.82,-2.03,-0.01,117,56394,卖盘
2235,10:11:33,4.83,-1.83,0.0,811,391713,买盘
2236,10:11:30,4.83,-1.83,0.0,760,367080,买盘
2237,10:11:27,4.83,-1.83,0.0,308,148764,买盘
2238,10:11:24,4.83,-1.83,0.0,15,7245,买盘
2239,10:11:21,4.83,-1.83,0.0,7,3381,买盘
2240,10:11:18,4.83,-1.83,-0.01,7301,3526383,卖盘
2241,10:11:15,4.84,-1.63,0.01,56,27104,买盘
2242,10:11:12,4.83,-1.83,0.0,92,44436,卖盘
2243,10:11:09,4.83,-1.83,-0.01,80,38640,卖盘
2244,10:11:06,4.84,-1.63,0.01,453,219252,买盘
2245,10:11:03,4.83,-1.83,0.0,209,100947,卖盘
2246,10:11:00,4.83,-1.83,0.0,125,60375,卖盘
2247,10:10:57,4.83,-1.83,-0.01,1151,555933,卖盘
2248,10:10:51,4.84,-1.63,0.01,1170,566280,买盘
2249,10:10:48,4.83,-1.83,-0.01,109,52647,卖盘
2250,10:10:45,4.84,-1.63,0.0,318,153912,买盘
2251,10:10:42,4.84,-1.63,0.01,2513,1216292,买盘
2252,10:10:39,4.83,-1.83,-0.01,128,61824,卖盘
2253,10:10:36,4.84,-1.63,0.0,12,5808,买盘
2254,10:10:33,4.84,-1.63,0.0,595,287980,买盘
2255,10:10:30,4.84,-1.63,0.0,106,51304,买盘
2256,10:10:27,4.84,-1.63,0.0,256,123904,买盘
2257,10:10:24,4.84,-1.63,0.0,41,19844,买盘
2258,10:10:21,4.84,-1.63,0.0,997,482548,卖盘
2259,10:10:18,4.84,-1.63,0.0,50,24200,卖盘
2260,10:10:15,4.84,-1.63,0.0,83,40172,卖盘
2261,10:10:12,4.84,-1.63,0.0,542,262328,卖盘
2262,10:10:09,4.84,-1.63,-0.01,498,241032,卖盘
2263,10:10:06,4.85,-1.42,0.0,328,159080,买盘
2264,10:10:03,4.85,-1.42,0.01,359,174115,买盘
2265,10:10:00,4.84,-1.63,0.0,5,2420,卖盘
2266,10:09:57,4.84,-1.63,-0.01,314,151976,卖盘
2267,10:09:54,4.85,-1.42,0.0,234,113490,买盘
2268,10:09:51,4.85,-1.42,0.01,22,10670,买盘
2269,10:09:48,4.84,-1.63,-0.01,1210,585640,卖盘
2270,10:09:45,4.85,-1.42,0.01,381,184785,买盘
2271,10:09:41,4.84,-1.63,-0.01,30,14520,卖盘
2272,10:09:39,4.85,-1.42,0.0,228,110580,买盘
2273,10:09:36,4.85,-1.42,0.0,63,30555,买盘
2274,10:09:25,4.85,-1.42,0.01,260,126100,买盘
2275,10:09:23,4.84,-1.63,-0.01,5,2420,卖盘
2276,10:09:19,4.85,-1.42,0.01,20,9700,买盘
2277,10:09:17,4.84,-1.63,0.0,183,88572,卖盘
2278,10:09:15,4.84,-1.63,-0.01,526,254584,卖盘
2279,10:09:10,4.85,-1.42,0.0,53,25705,买盘
2280,10:09:04,4.85,-1.42,0.0,282,136770,买盘
2281,10:09:03,4.85,-1.42,0.0,73,35405,买盘
2282,10:08:58,4.85,-1.42,0.01,54,26190,买盘
2283,10:08:55,4.84,-1.63,-0.01,53,25652,卖盘
2284,10:08:53,4.85,-1.42,0.0,11,5335,买盘
2285,10:08:43,4.85,-1.42,0.0,250,121250,买盘
2286,10:08:40,4.85,-1.42,0.0,2,970,中性盘
2287,10:08:40,4.85,-1.42,0.01,2,970,买盘
2288,10:08:34,4.84,-1.63,-0.01,503,243452,卖盘
2289,10:08:31,4.85,-1.42,0.0,70,33950,买盘
2290,10:08:28,4.85,-1.42,0.01,228,110580,买盘
2291,10:08:25,4.84,-1.63,-0.01,70,33880,卖盘
2292,10:08:22,4.85,-1.42,0.01,253,122705,买盘
2293,10:08:19,4.84,-1.63,-0.01,91,44044,卖盘
2294,10:08:13,4.85,-1.42,0.01,16,7760,买盘
2295,10:08:10,4.84,-1.63,0.0,429,207636,买盘
2296,10:08:07,4.84,-1.63,0.0,54,26136,买盘
2297,10:08:04,4.84,-1.63,0.0,2375,1149500,买盘
2298,10:08:01,4.84,-1.63,0.0,195,94380,买盘
2299,10:07:58,4.84,-1.63,0.0,63,30492,买盘
2300,10:07:55,4.84,-1.63,0.0,145,70180,买盘
2301,10:07:52,4.84,-1.63,0.0,10,4840,买盘
2302,10:07:49,4.84,-1.63,0.0,146,70664,买盘
2303,10:07:46,4.84,-1.63,0.0,10,4840,买盘
2304,10:07:43,4.84,-1.63,0.0,267,129228,买盘
2305,10:07:40,4.84,-1.63,0.0,592,286528,买盘
2306,10:07:37,4.84,-1.63,0.0,103,49852,买盘
2307,10:07:34,4.84,-1.63,0.0,149,72116,买盘
2308,10:07:31,4.84,-1.63,0.0,34,16456,买盘
2309,10:07:25,4.84,-1.63,0.0,16,7744,买盘
2310,10:07:22,4.84,-1.63,0.01,396,191664,买盘
2311,10:07:19,4.83,-1.83,-0.01,122,58926,卖盘
2312,10:07:16,4.84,-1.63,0.0,195,94380,买盘
2313,10:07:13,4.84,-1.63,0.0,40,19360,买盘
2314,10:07:10,4.84,-1.63,0.0,71,34364,买盘
2315,10:07:07,4.84,-1.63,0.0,46,22264,买盘
2316,10:07:04,4.84,-1.63,-0.01,395,191180,卖盘
2317,10:07:01,4.85,-1.42,0.01,340,164900,买盘
2318,10:06:58,4.84,-1.63,0.0,10,4840,卖盘
2319,10:06:55,4.84,-1.63,0.0,135,65340,卖盘
2320,10:06:52,4.84,-1.63,0.0,2,968,卖盘
2321,10:06:49,4.84,-1.63,0.0,489,236676,买盘
2322,10:06:46,4.84,-1.63,0.0,212,102608,买盘
2323,10:06:43,4.84,-1.63,0.0,323,156332,买盘
2324,10:06:40,4.84,-1.63,0.0,217,105028,买盘
2325,10:06:37,4.84,-1.63,0.01,115,55660,买盘
2326,10:06:34,4.83,-1.83,-0.01,372,179676,卖盘
2327,10:06:31,4.84,-1.63,0.0,91,44044,买盘
2328,10:06:28,4.84,-1.63,0.01,65,31460,买盘
2329,10:06:25,4.83,-1.83,0.0,65,31395,卖盘
2330,10:06:22,4.83,-1.83,-0.01,295,142485,卖盘
2331,10:06:19,4.84,-1.63,0.01,53,25652,买盘
2332,10:06:16,4.83,-1.83,-0.01,103,49749,卖盘
2333,10:06:13,4.84,-1.63,0.01,12,5808,买盘
2334,10:06:10,4.83,-1.83,-0.01,236,113988,卖盘
2335,10:06:07,4.84,-1.63,-0.01,119,57596,卖盘
2336,10:06:04,4.85,-1.42,0.0,1100,533500,买盘
2337,10:06:01,4.85,-1.42,0.01,19,9215,买盘
2338,10:05:58,4.84,-1.63,-0.01,1,484,卖盘
2339,10:05:49,4.85,-1.42,0.0,11,5335,买盘
2340,10:05:43,4.85,-1.42,0.0,260,126100,买盘
2341,10:05:40,4.85,-1.42,0.0,2,970,买盘
2342,10:05:37,4.85,-1.42,0.01,2,970,买盘
2343,10:05:31,4.84,-1.63,0.0,70,33880,卖盘
2344,10:05:28,4.84,-1.63,0.0,100,48400,卖盘
2345,10:05:25,4.84,-1.63,0.0,110,53240,卖盘
2346,10:05:22,4.84,-1.63,0.0,3,1452,卖盘
2347,10:05:19,4.84,-1.63,0.0,20,9680,卖盘
2348,10:05:16,4.84,-1.63,0.0,168,81312,买盘
2349,10:05:13,4.84,-1.63,0.0,88,42592,买盘
2350,10:05:10,4.84,-1.63,0.0,51,24684,买盘
2351,10:05:07,4.84,-1.63,0.0,176,85184,买盘
2352,10:05:04,4.84,-1.63,0.0,334,161656,买盘
2353,10:05:01,4.84,-1.63,0.0,14,6776,中性盘
2354,10:05:01,4.84,-1.63,0.0,14,6776,买盘
2355,10:04:58,4.84,-1.63,0.0,150,72600,买盘
2356,10:04:55,4.84,-1.63,0.0,263,127292,卖盘
2357,10:04:46,4.84,-1.63,0.0,66,31944,卖盘
2358,10:04:43,4.84,-1.63,0.0,24,11616,买盘
2359,10:04:40,4.84,-1.63,0.0,35,16940,买盘
2360,10:04:37,4.84,-1.63,0.0,470,227480,买盘
2361,10:04:34,4.84,-1.63,0.0,19,9196,买盘
2362,10:04:31,4.84,-1.63,0.0,177,85668,买盘
2363,10:04:28,4.84,-1.63,0.0,672,325248,卖盘
2364,10:04:25,4.84,-1.63,-0.01,170,82280,卖盘
2365,10:04:22,4.85,-1.42,0.0,21,10185,买盘
2366,10:04:19,4.85,-1.42,0.0,30,14550,买盘
2367,10:04:16,4.85,-1.42,0.01,337,163445,买盘
2368,10:04:13,4.84,-1.63,0.0,50,24200,卖盘
2369,10:04:10,4.84,-1.63,-0.01,2019,977196,卖盘
2370,10:04:07,4.85,-1.42,0.01,5,2425,买盘
2371,10:04:04,4.84,-1.63,0.0,27,13068,卖盘
2372,10:04:01,4.84,-1.63,0.0,17,8228,卖盘
2373,10:03:58,4.84,-1.63,0.0,220,106480,卖盘
2374,10:03:55,4.84,-1.63,0.0,13,6292,卖盘
2375,10:03:49,4.84,-1.63,0.0,30,14520,卖盘
2376,10:03:46,4.84,-1.63,0.0,86,41624,买盘
2377,10:03:43,4.84,-1.63,0.0,143,69212,买盘
2378,10:03:40,4.84,-1.63,0.0,11,5324,买盘
2379,10:03:37,4.84,-1.63,0.01,75,36300,买盘
2380,10:03:34,4.83,-1.83,0.0,32,15456,卖盘
2381,10:03:31,4.83,-1.83,0.0,38,18354,卖盘
2382,10:03:28,4.83,-1.83,0.0,106,51198,卖盘
2383,10:03:25,4.83,-1.83,-0.01,113,54579,卖盘
2384,10:03:22,4.84,-1.63,0.0,43,20812,卖盘
2385,10:03:19,4.84,-1.63,0.0,102,49368,买盘
2386,10:03:16,4.84,-1.63,0.0,30,14520,买盘
2387,10:03:13,4.84,-1.63,0.0,157,75988,买盘
2388,10:03:10,4.84,-1.63,0.0,216,104544,买盘
2389,10:03:07,4.84,-1.63,0.0,76,36784,买盘
2390,10:03:04,4.84,-1.63,0.01,344,166496,买盘
2391,10:02:58,4.83,-1.83,0.0,511,246813,卖盘
2392,10:02:55,4.83,-1.83,0.0,523,252609,卖盘
2393,10:02:52,4.83,-1.83,-0.01,14,6762,卖盘
2394,10:02:49,4.84,-1.63,0.0,10,4840,买盘
2395,10:02:46,4.84,-1.63,0.0,126,60984,买盘
2396,10:02:43,4.84,-1.63,0.0,36,17424,买盘
2397,10:02:40,4.84,-1.63,0.0,58,28072,买盘
2398,10:02:37,4.84,-1.63,0.0,143,69212,买盘
2399,10:02:34,4.84,-1.63,0.01,171,82764,买盘
2400,10:02:31,4.83,-1.83,-0.01,116,56028,卖盘
2401,10:02:28,4.84,-1.63,0.0,155,75020,买盘
2402,10:02:25,4.84,-1.63,0.01,121,58564,买盘
2403,10:02:22,4.83,-1.83,-0.01,2,966,卖盘
2404,10:02:19,4.84,-1.63,0.0,6,2904,买盘
2405,10:02:16,4.84,-1.63,0.01,5,2420,买盘
2406,10:02:13,4.83,-1.83,-0.01,26,12558,卖盘
2407,10:02:10,4.84,-1.63,0.0,103,49852,买盘
2408,10:02:07,4.84,-1.63,0.0,295,142780,买盘
2409,10:02:04,4.84,-1.63,0.0,25,12100,买盘
2410,10:02:01,4.84,-1.63,0.01,355,171820,买盘
2411,10:01:58,4.83,-1.83,0.0,31,14973,卖盘
2412,10:01:55,4.83,-1.83,-0.01,366,176778,卖盘
2413,10:01:52,4.84,-1.63,0.01,57,27588,买盘
2414,10:01:49,4.83,-1.83,-0.01,184,88872,卖盘
2415,10:01:46,4.84,-1.63,0.01,15,7260,买盘
2416,10:01:43,4.83,-1.83,-0.01,365,176295,卖盘
2417,10:01:40,4.84,-1.63,0.0,23,11132,买盘
2418,10:01:37,4.84,-1.63,0.01,113,54692,买盘
2419,10:01:34,4.83,-1.83,0.0,576,278208,卖盘
2420,10:01:31,4.83,-1.83,-0.01,514,248262,卖盘
2421,10:01:28,4.84,-1.63,0.0,75,36300,卖盘
2422,10:01:25,4.84,-1.63,0.0,72,34848,卖盘
2423,10:01:25,4.84,-1.63,0.0,72,34848,中性盘
2424,10:01:25,4.84,-1.63,0.0,72,34848,买盘
2425,10:01:22,4.84,-1.63,0.01,21,10164,买盘
2426,10:01:19,4.83,-1.83,0.0,0,0,卖盘
