,time,price,pchange,change,volume,amount,type
0,15:00:00,4.84,-1.63,0.0,0,0,卖盘
1,15:00:00,4.84,-1.63,-0.01,2,968,卖盘
2,14:59:59,4.85,-1.42,0.0,572,277420,买盘
3,14:59:56,4.85,-1.42,0.01,1175,569875,买盘
4,14:59:53,4.84,-1.63,-0.01,209,101156,卖盘
5,14:59:50,4.85,-1.42,0.0,263,127555,买盘
6,14:59:47,4.85,-1.42,0.01,46,22310,买盘
7,14:59:44,4.84,-1.63,0.0,105,50820,卖盘
8,14:59:41,4.84,-1.63,-0.01,7,3388,卖盘
9,14:59:38,4.85,-1.42,0.0,60,29100,买盘
10,14:59:35,4.85,-1.42,0.01,136,65960,买盘
11,14:59:32,4.84,-1.63,-0.01,544,263296,卖盘
12,14:59:29,4.85,-1.42,0.01,71,34435,买盘
13,14:59:26,4.84,-1.63,0.0,237,114708,卖盘
14,14:59:23,4.84,-1.63,0.0,119,57596,卖盘
15,14:59:20,4.84,-1.63,-0.01,1038,502392,卖盘
16,14:59:17,4.85,-1.42,0.0,94,45590,买盘
17,14:59:14,4.85,-1.42,0.0,31,15035,买盘
18,14:59:11,4.85,-1.42,0.0,20,9700,买盘
19,14:59:08,4.85,-1.42,0.0,45,21825,买盘
20,14:59:05,4.85,-1.42,0.01,22,10670,买盘
21,14:59:02,4.84,-1.63,0.0,549,265716,卖盘
22,14:58:59,4.84,-1.63,-0.01,1111,537724,卖盘
23,14:58:56,4.85,-1.42,0.01,39,18915,买盘
24,14:58:53,4.84,-1.63,0.0,1084,524656,卖盘
25,14:58:50,4.84,-1.63,-0.01,45,21780,卖盘
26,14:58:47,4.85,-1.42,0.0,260,126100,买盘
27,14:58:44,4.85,-1.42,0.01,131,63535,买盘
28,14:58:41,4.84,-1.63,0.0,96,46464,卖盘
29,14:58:38,4.84,-1.63,-0.01,108,52272,卖盘
30,14:58:32,4.85,-1.42,0.0,17,8245,买盘
31,14:58:29,4.85,-1.42,0.01,1011,490335,买盘
32,14:58:26,4.84,-1.63,-0.01,97,46948,卖盘
33,14:58:23,4.85,-1.42,0.01,3198,1551030,买盘
34,14:58:20,4.84,-1.63,0.0,287,138908,卖盘
35,14:58:17,4.84,-1.63,-0.01,20,9680,卖盘
36,14:58:14,4.85,-1.42,0.0,121,58685,买盘
37,14:58:11,4.85,-1.42,0.0,33,16005,买盘
38,14:58:08,4.85,-1.42,0.0,180,87300,买盘
39,14:58:05,4.85,-1.42,0.0,270,130950,买盘
40,14:58:02,4.85,-1.42,0.01,62,30070,买盘
41,14:57:59,4.84,-1.63,0.0,37,17908,卖盘
42,14:57:56,4.84,-1.63,0.0,126,60984,卖盘
43,14:57:53,4.84,-1.63,-0.01,437,211508,卖盘
44,14:57:50,4.85,-1.42,0.0,17,8245,买盘
45,14:57:47,4.85,-1.42,0.0,47,22795,买盘
46,14:57:44,4.85,-1.42,0.0,108,52380,买盘
47,14:57:41,4.85,-1.42,0.0,288,139680,买盘
48,14:57:38,4.85,-1.42,0.0,61,29585,买盘
49,14:57:35,4.85,-1.42,0.0,163,79055,买盘
50,14:57:32,4.85,-1.42,0.0,10,4850,买盘
51,14:57:29,4.85,-1.42,0.0,69,33465,买盘
52,14:57:26,4.85,-1.42,0.0,11,5335,买盘
53,14:57:23,4.85,-1.42,0.0,25,12125,买盘
54,14:57:14,4.85,-1.42,0.0,23,11155,买盘
55,14:57:11,4.85,-1.42,0.01,104,50440,买盘
56,14:57:08,4.84,-1.63,-0.01,1350,653400,卖盘
57,14:57:05,4.85,-1.42,0.01,5,2425,买盘
58,14:57:02,4.84,-1.63,0.0,23,11132,卖盘
59,14:56:59,4.84,-1.63,-0.01,1594,771496,卖盘
60,14:56:56,4.85,-1.42,0.01,24,11640,买盘
61,14:56:53,4.84,-1.63,-0.01,43,20812,卖盘
62,14:56:50,4.85,-1.42,0.0,106,51410,买盘
63,14:56:47,4.85,-1.42,0.0,68,32980,买盘
64,14:56:44,4.85,-1.42,0.0,49,23765,买盘
65,14:56:41,4.85,-1.42,0.01,140,67900,买盘
66,14:56:38,4.84,-1.63,-0.01,372,180048,卖盘
67,14:56:35,4.85,-1.42,0.0,153,74205,卖盘
68,14:56:32,4.85,-1.42,0.0,603,292455,买盘
69,14:56:29,4.85,-1.42,0.0,20,9700,买盘
70,14:56:26,4.85,-1.42,0.0,176,85360,买盘
71,14:56:23,4.85,-1.42,0.0,175,84875,买盘
72,14:56:20,4.85,-1.42,0.0,18,8730,买盘
73,14:56:20,4.85,-1.42,0.0,18,8730,中性盘
74,14:56:20,4.85,-1.42,0.0,18,8730,买盘
75,14:56:17,4.85,-1.42,0.0,657,318645,卖盘
76,14:56:14,4.85,-1.42,0.0,105,50925,卖盘
77,14:56:11,4.85,-1.42,-0.01,410,198850,卖盘
78,14:56:08,4.86,-1.22,0.02,196,95256,买盘
79,14:56:02,4.84,-1.63,0.0,88,42592,卖盘
80,14:55:59,4.84,-1.63,0.0,33,15972,卖盘
81,14:55:56,4.84,-1.63,-0.01,9952,4816768,卖盘
82,14:55:53,4.85,-1.42,0.01,78,37830,买盘
83,14:55:50,4.84,-1.63,-0.01,134,64856,卖盘
84,14:55:47,4.85,-1.42,0.01,472,228920,买盘
85,14:55:44,4.84,-1.63,-0.01,334,161656,卖盘
86,14:55:41,4.85,-1.42,0.01,701,339985,买盘
87,14:55:38,4.84,-1.63,0.0,1,484,卖盘
88,14:55:35,4.84,-1.63,0.0,9,4356,卖盘
89,14:55:32,4.84,-1.63,-0.01,60,29040,卖盘
90,14:55:29,4.85,-1.42,0.0,115,55775,买盘
91,14:55:26,4.85,-1.42,0.0,13,6305,买盘
92,14:55:23,4.85,-1.42,0.01,60,29100,买盘
93,14:55:20,4.84,-1.63,-0.01,30,14520,卖盘
94,14:55:17,4.85,-1.42,0.01,93,45105,买盘
95,14:55:14,4.84,-1.63,-0.01,84,40656,卖盘
96,14:55:11,4.85,-1.42,0.01,50,24250,买盘
97,14:55:08,4.84,-1.63,-0.01,2,968,卖盘
98,14:55:05,4.85,-1.42,0.01,35,16975,买盘
99,14:55:02,4.84,-1.63,0.0,53,25652,卖盘
100,14:54:56,4.84,-1.63,-0.01,64,30976,卖盘
101,14:54:53,4.85,-1.42,0.0,15,7275,买盘
102,14:54:50,4.85,-1.42,0.01,1,485,买盘
103,14:54:47,4.84,-1.63,-0.01,999,483516,卖盘
104,14:54:44,4.85,-1.42,0.0,71,34435,买盘
105,14:54:41,4.85,-1.42,0.01,55,26675,买盘
106,14:54:38,4.84,-1.63,-0.01,79,38236,卖盘
107,14:54:35,4.85,-1.42,0.0,476,230860,买盘
108,14:54:32,4.85,-1.42,0.01,101,48985,买盘
109,14:54:28,4.84,-1.63,-0.01,43,20812,卖盘
110,14:54:26,4.85,-1.42,0.0,29,14065,买盘
111,14:54:20,4.85,-1.42,0.0,153,74205,买盘
112,14:54:17,4.85,-1.42,0.0,40,19400,买盘
113,14:54:13,4.85,-1.42,0.0,35,16975,买盘
114,14:54:11,4.85,-1.42,0.0,26,12610,买盘
115,14:54:07,4.85,-1.42,0.01,139,67415,买盘
116,14:54:04,4.84,-1.63,-0.01,383,185372,卖盘
117,14:54:01,4.85,-1.42,0.01,76,36860,买盘
118,14:53:58,4.84,-1.63,-0.01,5,2420,卖盘
119,14:53:55,4.85,-1.42,0.01,45,21825,买盘
120,14:53:52,4.84,-1.63,-0.01,86,41624,卖盘
121,14:53:49,4.85,-1.42,0.01,110,53350,买盘
122,14:53:46,4.84,-1.63,-0.01,358,173272,卖盘
123,14:53:43,4.85,-1.42,0.01,101,48985,买盘
124,14:53:40,4.84,-1.63,0.0,48,23232,卖盘
125,14:53:37,4.84,-1.63,0.0,77,37268,卖盘
126,14:53:34,4.84,-1.63,0.0,2697,1305726,买盘
127,14:53:31,4.84,-1.63,0.01,120,58080,买盘
128,14:53:28,4.83,-1.83,0.0,524,253092,卖盘
129,14:53:25,4.83,-1.83,0.0,957,462231,卖盘
130,14:53:22,4.83,-1.83,-0.01,10,4830,卖盘
131,14:53:19,4.84,-1.63,0.01,888,429792,买盘
132,14:53:16,4.83,-1.83,0.0,2628,1269324,卖盘
133,14:53:13,4.83,-1.83,0.0,118,56994,卖盘
134,14:53:10,4.83,-1.83,0.0,91,43953,卖盘
135,14:53:07,4.83,-1.83,-0.01,193,93219,卖盘
136,14:53:04,4.84,-1.63,0.01,108,52272,买盘
137,14:53:01,4.83,-1.83,0.01,1883,909489,买盘
138,14:52:58,4.82,-2.03,-0.01,24,11568,卖盘
139,14:52:55,4.83,-1.83,0.0,129,62307,买盘
140,14:52:52,4.83,-1.83,0.0,90,43470,买盘
141,14:52:49,4.83,-1.83,0.01,74,35742,买盘
142,14:52:46,4.82,-2.03,-0.01,120,57840,卖盘
143,14:52:43,4.83,-1.83,0.01,47,22701,买盘
144,14:52:40,4.82,-2.03,0.0,291,140262,中性盘
145,14:52:40,4.82,-2.03,-0.01,291,140262,卖盘
146,14:52:34,4.83,-1.83,0.0,271,130893,买盘
147,14:52:31,4.83,-1.83,0.0,59,28497,买盘
148,14:52:28,4.83,-1.83,0.0,287,138621,买盘
149,14:52:25,4.83,-1.83,0.01,3,1449,买盘
150,14:52:22,4.82,-2.03,0.0,0,0,卖盘
151,14:52:19,4.82,-2.03,-0.02,2013,970266,卖盘
152,14:52:16,4.84,-1.63,0.0,52,25168,买盘
153,14:52:13,4.84,-1.63,0.0,65,31460,买盘
154,14:52:10,4.84,-1.63,0.0,21,10164,买盘
155,14:52:07,4.84,-1.63,0.01,284,137456,买盘
156,14:52:04,4.83,-1.83,0.0,709,342447,卖盘
157,14:52:01,4.83,-1.83,0.0,244,117852,卖盘
158,14:51:55,4.83,-1.83,0.0,47,22701,卖盘
159,14:51:52,4.83,-1.83,0.0,161,77763,卖盘
160,14:51:49,4.83,-1.83,0.0,126,60858,卖盘
161,14:51:46,4.83,-1.83,-0.01,74,35742,卖盘
162,14:51:43,4.84,-1.63,0.0,7,3388,买盘
163,14:51:40,4.84,-1.63,0.01,46,22264,买盘
164,14:51:37,4.83,-1.83,0.0,23,11109,卖盘
165,14:51:34,4.83,-1.83,0.0,268,129444,卖盘
166,14:51:31,4.83,-1.83,0.0,325,156975,卖盘
167,14:51:28,4.83,-1.83,0.0,33,15939,卖盘
168,14:51:25,4.83,-1.83,0.0,40,19320,卖盘
169,14:51:22,4.83,-1.83,0.0,12,5796,卖盘
170,14:51:19,4.83,-1.83,0.0,387,186921,卖盘
171,14:51:16,4.83,-1.83,0.0,212,102396,卖盘
172,14:51:13,4.83,-1.83,0.0,20,9660,卖盘
173,14:51:10,4.83,-1.83,0.0,62,29946,卖盘
174,14:51:07,4.83,-1.83,-0.01,100,48300,卖盘
175,14:51:04,4.84,-1.63,0.01,139,67276,买盘
176,14:51:01,4.83,-1.83,-0.01,58,28014,卖盘
177,14:50:58,4.84,-1.63,0.0,19,9196,买盘
178,14:50:55,4.84,-1.63,0.01,62,30008,买盘
179,14:50:52,4.83,-1.83,0.0,10,4830,卖盘
180,14:50:49,4.83,-1.83,-0.01,90,43470,卖盘
181,14:50:46,4.84,-1.63,0.0,18,8712,买盘
182,14:50:40,4.84,-1.63,0.01,121,58564,买盘
183,14:50:37,4.83,-1.83,-0.01,147,71001,卖盘
184,14:50:34,4.84,-1.63,0.01,239,115676,买盘
185,14:50:31,4.83,-1.83,-0.01,11,5313,卖盘
186,14:50:28,4.84,-1.63,0.0,12,5808,买盘
187,14:50:25,4.84,-1.63,0.01,41,19844,买盘
188,14:50:22,4.83,-1.83,-0.01,181,87423,卖盘
189,14:50:19,4.84,-1.63,0.01,4,1936,买盘
190,14:50:16,4.83,-1.83,0.0,10,4830,卖盘
191,14:50:13,4.83,-1.83,0.0,101,48783,卖盘
192,14:50:10,4.83,-1.83,0.0,229,110607,卖盘
193,14:50:04,4.83,-1.83,0.0,141,68103,卖盘
194,14:50:01,4.83,-1.83,0.0,63,30429,卖盘
195,14:49:58,4.83,-1.83,0.0,5,2415,卖盘
196,14:49:55,4.83,-1.83,-0.01,61,29463,卖盘
197,14:49:52,4.84,-1.63,0.01,412,199408,买盘
198,14:49:49,4.83,-1.83,-0.01,22,10626,卖盘
199,14:49:46,4.84,-1.63,0.0,49,23716,买盘
200,14:49:43,4.84,-1.63,0.01,47,22748,买盘
201,14:49:40,4.83,-1.83,0.0,2,966,卖盘
202,14:49:37,4.83,-1.83,0.0,6,2898,卖盘
203,14:49:34,4.83,-1.83,0.0,196,94668,卖盘
204,14:49:28,4.83,-1.83,-0.01,154,74382,卖盘
205,14:49:25,4.84,-1.63,0.01,74,35816,买盘
206,14:49:22,4.83,-1.83,0.0,67,32361,卖盘
207,14:49:19,4.83,-1.83,-0.01,107,51681,卖盘
208,14:49:16,4.84,-1.63,0.0,178,86152,买盘
209,14:49:13,4.84,-1.63,0.01,50,24200,买盘
210,14:49:10,4.83,-1.83,0.0,2,966,卖盘
211,14:49:07,4.83,-1.83,0.0,32,15456,卖盘
212,14:49:04,4.83,-1.83,0.0,694,335202,卖盘
213,14:49:01,4.83,-1.83,0.0,4,1932,卖盘
214,14:49:01,4.83,-1.83,0.0,4,1932,中性盘
215,14:49:01,4.83,-1.83,0.0,4,1932,卖盘
216,14:48:55,4.83,-1.83,0.0,151,72933,卖盘
217,14:48:52,4.83,-1.83,0.0,2,966,卖盘
218,14:48:49,4.83,-1.83,0.0,55,26565,卖盘
219,14:48:46,4.83,-1.83,-0.01,3,1449,卖盘
220,14:48:40,4.84,-1.63,0.01,46,22264,买盘
221,14:48:37,4.83,-1.83,0.0,5,2415,卖盘
222,14:48:34,4.83,-1.83,0.0,378,182574,卖盘
223,14:48:31,4.83,-1.83,-0.01,50,24150,卖盘
224,14:48:28,4.84,-1.63,0.01,52,25168,买盘
225,14:48:25,4.83,-1.83,0.0,182,87906,卖盘
226,14:48:19,4.83,-1.83,0.0,8,3864,卖盘
227,14:48:15,4.83,-1.83,-0.01,18,8694,卖盘
228,14:48:13,4.84,-1.63,0.0,638,308792,买盘
229,14:48:10,4.84,-1.63,0.0,48,23232,买盘
230,14:48:07,4.84,-1.63,0.0,61,29524,买盘
231,14:48:03,4.84,-1.63,0.01,184,89056,买盘
232,14:48:01,4.83,-1.83,-0.01,173,83926,卖盘
233,14:47:58,4.84,-1.63,0.0,35,16940,卖盘
234,14:47:55,4.84,-1.63,0.0,318,153912,卖盘
235,14:47:51,4.84,-1.63,0.0,154,74536,卖盘
236,14:47:48,4.84,-1.63,0.0,731,353804,卖盘
237,14:47:46,4.84,-1.63,0.0,504,243936,卖盘
238,14:47:42,4.84,-1.63,0.0,120,58080,卖盘
239,14:47:40,4.84,-1.63,0.0,425,205700,卖盘
240,14:47:35,4.84,-1.63,0.0,235,113740,卖盘
241,14:47:34,4.84,-1.63,-0.01,378,182952,卖盘
242,14:47:31,4.85,-1.42,0.01,62,30070,买盘
243,14:47:26,4.84,-1.63,0.0,121,58564,卖盘
244,14:47:25,4.84,-1.63,0.0,50,24200,卖盘
245,14:47:20,4.84,-1.63,0.0,18,8712,卖盘
246,14:47:17,4.84,-1.63,-0.01,57,27588,卖盘
247,14:47:14,4.85,-1.42,0.0,139,67415,买盘
248,14:47:11,4.85,-1.42,0.01,199,96515,买盘
249,14:47:08,4.84,-1.63,0.0,145,70180,卖盘
250,14:47:05,4.84,-1.63,0.0,93,45012,卖盘
251,14:47:02,4.84,-1.63,0.0,139,67276,卖盘
252,14:46:59,4.84,-1.63,-0.01,286,138424,卖盘
253,14:46:56,4.85,-1.42,0.0,306,148410,买盘
254,14:46:53,4.85,-1.42,0.01,21,10185,买盘
255,14:46:50,4.84,-1.63,0.0,31,15004,卖盘
256,14:46:47,4.84,-1.63,-0.01,10,4840,卖盘
257,14:46:44,4.85,-1.42,0.0,426,206610,买盘
258,14:46:41,4.85,-1.42,0.0,11,5335,买盘
259,14:46:38,4.85,-1.42,0.0,96,46560,买盘
260,14:46:32,4.85,-1.42,0.01,162,78570,买盘
261,14:46:29,4.84,-1.63,-0.01,382,184888,卖盘
262,14:46:26,4.85,-1.42,0.0,21,10185,买盘
263,14:46:23,4.85,-1.42,0.01,79,38315,买盘
264,14:46:20,4.84,-1.63,0.0,54,26136,卖盘
265,14:46:17,4.84,-1.63,0.0,39,18992,卖盘
266,14:46:14,4.84,-1.63,0.0,373,180532,卖盘
267,14:46:11,4.84,-1.63,0.0,113,54692,卖盘
268,14:46:08,4.84,-1.63,0.0,5,2420,卖盘
269,14:46:05,4.84,-1.63,-0.01,10,4840,卖盘
270,14:46:02,4.85,-1.42,0.01,228,110580,买盘
271,14:45:59,4.84,-1.63,-0.01,6,2904,卖盘
272,14:45:56,4.85,-1.42,0.01,10,4850,买盘
273,14:45:53,4.84,-1.63,-0.01,259,125356,卖盘
274,14:45:50,4.85,-1.42,0.01,100,48500,买盘
275,14:45:47,4.84,-1.63,0.0,46,22264,卖盘
276,14:45:44,4.84,-1.63,0.0,83,40172,卖盘
277,14:45:38,4.84,-1.63,0.0,81,39204,卖盘
278,14:45:32,4.84,-1.63,-0.01,129,62436,卖盘
279,14:45:29,4.85,-1.42,0.0,128,62080,买盘
280,14:45:26,4.85,-1.42,0.01,124,60140,买盘
281,14:45:23,4.84,-1.63,0.0,54,26136,卖盘
282,14:45:20,4.84,-1.63,0.0,9,4356,中性盘
283,14:45:20,4.84,-1.63,0.0,9,4356,卖盘
284,14:45:17,4.84,-1.63,0.0,10,4840,卖盘
285,14:45:14,4.84,-1.63,0.0,33,15972,卖盘
286,14:45:08,4.84,-1.63,0.0,10,4840,卖盘
287,14:45:05,4.84,-1.63,0.0,69,33396,卖盘
288,14:45:02,4.84,-1.63,0.0,212,102608,卖盘
289,14:44:59,4.84,-1.63,0.0,83,40172,卖盘
290,14:44:56,4.84,-1.63,0.0,10,4840,卖盘
291,14:44:53,4.84,-1.63,-0.01,172,83248,卖盘
292,14:44:50,4.85,-1.42,0.01,50,24250,买盘
293,14:44:47,4.84,-1.63,0.0,4,1936,卖盘
294,14:44:41,4.84,-1.63,0.0,38,18392,卖盘
295,14:44:38,4.84,-1.63,-0.01,47,22748,卖盘
296,14:44:35,4.85,-1.42,0.01,157,76145,买盘
297,14:44:32,4.84,-1.63,-0.01,115,55660,卖盘
298,14:44:29,4.85,-1.42,0.0,124,60140,买盘
299,14:44:26,4.85,-1.42,0.01,64,31040,买盘
300,14:44:20,4.84,-1.63,-0.01,65,31460,卖盘
301,14:44:17,4.85,-1.42,0.0,27,13095,买盘
302,14:44:14,4.85,-1.42,0.01,14,6790,买盘
303,14:44:11,4.84,-1.63,0.0,1054,510136,卖盘
304,14:44:05,4.84,-1.63,-0.01,68,32912,卖盘
305,14:44:02,4.85,-1.42,0.01,119,57715,买盘
306,14:43:59,4.84,-1.63,0.0,43,20812,卖盘
307,14:43:56,4.84,-1.63,-0.01,31,15004,卖盘
308,14:43:53,4.85,-1.42,0.0,56,27160,买盘
309,14:43:50,4.85,-1.42,0.01,100,48500,买盘
310,14:43:47,4.84,-1.63,0.0,1,484,卖盘
311,14:43:44,4.84,-1.63,0.0,5,2420,卖盘
312,14:43:38,4.84,-1.63,-0.01,101,48884,卖盘
313,14:43:35,4.85,-1.42,0.01,246,119310,买盘
314,14:43:32,4.84,-1.63,0.0,109,52756,卖盘
315,14:43:29,4.84,-1.63,0.0,8,3872,卖盘
316,14:43:23,4.84,-1.63,0.0,33,15972,卖盘
317,14:43:20,4.84,-1.63,-0.01,25,12100,卖盘
318,14:43:17,4.85,-1.42,0.01,53,25705,买盘
319,14:43:11,4.84,-1.63,-0.01,14,6776,卖盘
320,14:43:08,4.85,-1.42,0.0,1,485,买盘
321,14:43:02,4.85,-1.42,0.0,129,62565,买盘
322,14:42:59,4.85,-1.42,0.01,104,50440,买盘
323,14:42:56,4.84,-1.63,-0.01,10,4840,卖盘
324,14:42:47,4.85,-1.42,0.0,34,16490,买盘
325,14:42:44,4.85,-1.42,0.0,9,4365,买盘
326,14:42:41,4.85,-1.42,0.0,132,64020,买盘
327,14:42:35,4.85,-1.42,0.01,46,22310,买盘
328,14:42:32,4.84,-1.63,-0.01,117,56628,卖盘
329,14:42:23,4.85,-1.42,0.01,53,25705,买盘
330,14:42:20,4.84,-1.63,0.0,30,14520,卖盘
331,14:42:17,4.84,-1.63,-0.01,29,14036,卖盘
332,14:42:14,4.85,-1.42,0.01,55,26675,买盘
333,14:42:11,4.84,-1.63,0.0,2,968,卖盘
334,14:42:08,4.84,-1.63,0.0,55,26620,卖盘
335,14:42:05,4.84,-1.63,0.0,8,3872,卖盘
336,14:42:02,4.84,-1.63,0.0,163,78892,卖盘
337,14:41:59,4.84,-1.63,-0.01,63,30492,卖盘
338,14:41:56,4.85,-1.42,0.01,50,24250,买盘
339,14:41:50,4.84,-1.63,-0.02,100,48400,卖盘
340,14:41:47,4.86,-1.22,0.01,70,34020,买盘
341,14:41:44,4.85,-1.42,0.0,23,11155,卖盘
342,14:41:41,4.85,-1.42,0.0,1011,490335,中性盘
343,14:41:41,4.85,-1.42,0.0,1011,490335,卖盘
344,14:41:38,4.85,-1.42,0.0,272,131920,买盘
345,14:41:35,4.85,-1.42,0.01,20,9700,买盘
346,14:41:32,4.84,-1.63,-0.02,109,52756,卖盘
347,14:41:29,4.86,-1.22,0.0,27,13122,买盘
348,14:41:26,4.86,-1.22,0.01,1646,799956,买盘
349,14:41:20,4.85,-1.42,0.0,87,42195,卖盘
350,14:41:17,4.85,-1.42,0.0,25,12125,卖盘
351,14:41:14,4.85,-1.42,-0.01,200,97000,卖盘
352,14:41:11,4.86,-1.22,0.0,5,2430,买盘
353,14:41:08,4.86,-1.22,0.0,82,39852,买盘
354,14:41:05,4.86,-1.22,0.01,51,24786,买盘
355,14:41:02,4.85,-1.42,0.0,333,161505,卖盘
356,14:40:59,4.85,-1.42,-0.01,4,1940,卖盘
357,14:40:56,4.86,-1.22,0.01,29,14094,买盘
358,14:40:53,4.85,-1.42,-0.01,25,12125,卖盘
359,14:40:50,4.86,-1.22,0.01,50,24300,买盘
360,14:40:47,4.85,-1.42,0.0,81,39285,卖盘
361,14:40:44,4.85,-1.42,0.0,211,102335,卖盘
362,14:40:38,4.85,-1.42,-0.01,39,18915,卖盘
363,14:40:35,4.86,-1.22,0.0,148,71928,买盘
364,14:40:32,4.86,-1.22,0.0,208,101088,买盘
365,14:40:29,4.86,-1.22,0.01,50,24300,买盘
366,14:40:26,4.85,-1.42,0.0,47,22795,卖盘
367,14:40:23,4.85,-1.42,0.0,50,24250,卖盘
368,14:40:17,4.85,-1.42,-0.01,16,7760,卖盘
369,14:40:14,4.86,-1.22,0.01,51,24786,买盘
370,14:40:11,4.85,-1.42,0.0,22,10670,卖盘
371,14:40:08,4.85,-1.42,0.0,6291,3051135,买盘
372,14:40:05,4.85,-1.42,0.0,83,40255,买盘
373,14:40:02,4.85,-1.42,0.01,112,54320,买盘
374,14:39:59,4.84,-1.63,0.0,3,1452,卖盘
375,14:39:50,4.84,-1.63,0.0,10,4840,卖盘
376,14:39:47,4.84,-1.63,0.0,214,103576,卖盘
377,14:39:44,4.84,-1.63,0.0,29,14036,卖盘
378,14:39:41,4.84,-1.63,0.0,107,51788,卖盘
379,14:39:38,4.84,-1.63,-0.01,3,1452,卖盘
380,14:39:35,4.85,-1.42,0.01,157,76145,买盘
381,14:39:32,4.84,-1.63,0.0,127,61468,卖盘
382,14:39:29,4.84,-1.63,-0.01,52,25168,卖盘
383,14:39:26,4.85,-1.42,0.01,5,2425,买盘
384,14:39:23,4.84,-1.63,0.0,4,1936,卖盘
385,14:39:20,4.84,-1.63,0.0,150,72600,卖盘
386,14:39:17,4.84,-1.63,-0.01,43,20812,卖盘
387,14:39:14,4.85,-1.42,0.0,23,11155,买盘
388,14:39:11,4.85,-1.42,0.01,5,2425,买盘
389,14:39:08,4.84,-1.63,0.0,50,24200,卖盘
390,14:39:02,4.84,-1.63,0.0,115,55660,卖盘
391,14:38:59,4.84,-1.63,0.0,8,3872,卖盘
392,14:38:56,4.84,-1.63,-0.01,6,2904,卖盘
393,14:38:44,4.85,-1.42,0.0,83,40255,买盘
394,14:38:41,4.85,-1.42,0.01,21,10185,买盘
395,14:38:38,4.84,-1.63,-0.01,5,2420,卖盘
396,14:38:35,4.85,-1.42,0.01,46,22310,买盘
397,14:38:32,4.84,-1.63,0.0,109,52756,卖盘
398,14:38:29,4.84,-1.63,0.0,2,968,卖盘
399,14:38:26,4.84,-1.63,0.0,52,25168,卖盘
400,14:38:20,4.84,-1.63,-0.01,4,1936,卖盘
401,14:38:17,4.85,-1.42,0.01,151,73235,买盘
402,14:38:11,4.84,-1.63,-0.01,154,74536,卖盘
403,14:38:02,4.85,-1.42,-0.01,195,94575,中性盘
404,14:38:02,4.85,-1.42,0.01,195,94575,买盘
405,14:37:56,4.84,-1.63,-0.01,2,968,卖盘
406,14:37:50,4.85,-1.42,0.0,1,485,买盘
407,14:37:44,4.85,-1.42,0.01,22,10670,买盘
408,14:37:41,4.84,-1.63,-0.01,30,14520,卖盘
409,14:37:35,4.85,-1.42,0.01,47,22795,买盘
410,14:37:32,4.84,-1.63,0.0,130,62920,卖盘
411,14:37:29,4.84,-1.63,0.0,2,968,卖盘
412,14:37:26,4.84,-1.63,-0.01,7,3388,卖盘
413,14:37:23,4.85,-1.42,0.01,283,137255,买盘
414,14:37:20,4.84,-1.63,0.0,22,10648,卖盘
415,14:37:17,4.84,-1.63,0.0,3,1452,卖盘
416,14:37:14,4.84,-1.63,-0.01,160,77440,卖盘
417,14:37:08,4.85,-1.42,0.0,15,7275,买盘
418,14:37:05,4.85,-1.42,0.01,292,141620,买盘
419,14:37:02,4.84,-1.63,-0.01,109,52756,卖盘
420,14:36:59,4.85,-1.42,0.01,62,30070,买盘
421,14:36:56,4.84,-1.63,-0.01,1,484,卖盘
422,14:36:53,4.85,-1.42,0.01,90,43650,买盘
423,14:36:50,4.84,-1.63,0.0,2,968,卖盘
424,14:36:47,4.84,-1.63,0.0,3,1452,卖盘
425,14:36:44,4.84,-1.63,0.0,24,11616,中性盘
426,14:36:41,4.84,-1.63,0.0,132,63888,卖盘
427,14:36:38,4.84,-1.63,-0.01,92,44528,卖盘
428,14:36:35,4.85,-1.42,0.01,97,47045,买盘
429,14:36:32,4.84,-1.63,0.0,108,52272,卖盘
430,14:36:29,4.84,-1.63,0.0,2,968,卖盘
431,14:36:23,4.84,-1.63,0.0,50,24200,卖盘
432,14:36:20,4.84,-1.63,0.0,332,160688,买盘
433,14:36:17,4.84,-1.63,0.01,200,96800,买盘
434,14:36:14,4.83,-1.83,0.0,750,362250,卖盘
435,14:36:11,4.83,-1.83,-0.01,236,113988,卖盘
436,14:36:05,4.84,-1.63,0.01,500,242000,买盘
437,14:36:02,4.83,-1.83,0.0,124,59892,卖盘
438,14:35:59,4.83,-1.83,-0.01,11,5313,卖盘
439,14:35:56,4.84,-1.63,0.0,110,53240,买盘
440,14:35:53,4.84,-1.63,0.01,22,10648,买盘
441,14:35:50,4.83,-1.83,-0.01,13,6279,卖盘
442,14:35:47,4.84,-1.63,0.01,10,4840,买盘
443,14:35:44,4.83,-1.83,0.0,155,74865,卖盘
444,14:35:38,4.83,-1.83,-0.01,3,1449,卖盘
445,14:35:35,4.84,-1.63,0.01,105,50820,买盘
446,14:35:32,4.83,-1.83,0.0,119,57477,卖盘
447,14:35:26,4.83,-1.83,-0.01,241,116403,卖盘
448,14:35:20,4.84,-1.63,0.01,20,9680,买盘
449,14:35:11,4.83,-1.83,0.0,138,66654,卖盘
450,14:35:05,4.83,-1.83,0.0,2,966,卖盘
451,14:35:02,4.83,-1.83,-0.01,309,149247,卖盘
452,14:34:56,4.84,-1.63,0.0,511,247324,买盘
453,14:34:50,4.84,-1.63,0.01,316,152944,买盘
454,14:34:47,4.83,-1.83,0.0,10,4830,卖盘
455,14:34:43,4.83,-1.83,0.0,4,1932,卖盘
456,14:34:40,4.83,-1.83,0.0,5,2415,卖盘
457,14:34:37,4.83,-1.83,0.0,23,11109,卖盘
458,14:34:35,4.83,-1.83,0.0,109,52647,卖盘
459,14:34:31,4.83,-1.83,0.0,629,303807,卖盘
460,14:34:28,4.83,-1.83,0.0,5742,2773386,买盘
461,14:34:26,4.83,-1.83,0.01,39,18837,买盘
462,14:34:22,4.82,-2.03,0.0,281,135442,中性盘
463,14:34:22,4.82,-2.03,0.0,281,135442,卖盘
464,14:34:17,4.82,-2.03,0.0,2,964,卖盘
465,14:34:13,4.82,-2.03,0.0,1,482,卖盘
466,14:34:07,4.82,-2.03,0.0,10,4820,卖盘
467,14:34:04,4.82,-2.03,-0.01,129,62178,卖盘
468,14:34:01,4.83,-1.83,0.0,1,483,买盘
469,14:33:58,4.83,-1.83,0.0,20,9660,买盘
470,14:33:55,4.83,-1.83,0.0,29,14007,买盘
471,14:33:46,4.83,-1.83,0.01,143,69069,买盘
472,14:33:40,4.82,-2.03,-0.01,44,21208,卖盘
473,14:33:37,4.83,-1.83,0.0,245,118335,买盘
474,14:33:34,4.83,-1.83,0.0,110,53130,买盘
475,14:33:31,4.83,-1.83,0.01,21,10143,买盘
476,14:33:25,4.82,-2.03,-0.01,2,964,卖盘
477,14:33:22,4.83,-1.83,0.01,22,10626,买盘
478,14:33:19,4.82,-2.03,-0.01,4,1928,卖盘
479,14:33:13,4.83,-1.83,0.01,103,49749,买盘
480,14:33:10,4.82,-2.03,-0.01,32,15424,卖盘
481,14:33:07,4.83,-1.83,0.01,7,3381,买盘
482,14:33:04,4.82,-2.03,0.0,109,52538,卖盘
483,14:32:58,4.82,-2.03,0.0,5,2410,卖盘
484,14:32:55,4.82,-2.03,0.0,116,55912,卖盘
485,14:32:52,4.82,-2.03,-0.01,11,5302,卖盘
486,14:32:49,4.83,-1.83,0.01,20,9660,买盘
487,14:32:46,4.82,-2.03,0.0,2,964,卖盘
488,14:32:43,4.82,-2.03,0.0,50,24100,卖盘
489,14:32:40,4.82,-2.03,0.0,10,4820,卖盘
490,14:32:37,4.82,-2.03,-0.01,35,16870,卖盘
491,14:32:34,4.83,-1.83,0.0,160,77280,买盘
492,14:32:28,4.83,-1.83,0.01,19,9177,买盘
493,14:32:25,4.82,-2.03,0.0,142,68444,卖盘
494,14:32:19,4.82,-2.03,-0.01,200,96400,卖盘
495,14:32:16,4.83,-1.83,0.0,14,6762,买盘
496,14:32:13,4.83,-1.83,0.0,10,4830,买盘
497,14:32:04,4.83,-1.83,0.01,113,54579,买盘
498,14:32:01,4.82,-2.03,-0.01,154,74228,卖盘
499,14:31:58,4.83,-1.83,0.0,5,2415,买盘
500,14:31:55,4.83,-1.83,0.0,100,48300,买盘
501,14:31:49,4.83,-1.83,0.01,222,107226,买盘
502,14:31:46,4.82,-2.03,0.0,10,4820,卖盘
503,14:31:43,4.82,-2.03,0.0,4,1928,卖盘
504,14:31:37,4.82,-2.03,0.0,52,25064,卖盘
505,14:31:34,4.82,-2.03,0.0,177,85314,卖盘
506,14:31:31,4.82,-2.03,0.0,157,75674,卖盘
507,14:31:28,4.82,-2.03,0.0,193,93026,卖盘
508,14:31:19,4.82,-2.03,0.0,45,21690,卖盘
509,14:31:16,4.82,-2.03,0.0,126,60732,卖盘
510,14:31:10,4.82,-2.03,0.0,95,45790,卖盘
511,14:31:07,4.82,-2.03,0.0,73,35186,卖盘
512,14:31:04,4.82,-2.03,0.0,121,58322,卖盘
513,14:31:01,4.82,-2.03,-0.01,44,21208,卖盘
514,14:30:58,4.83,-1.83,0.01,24,11592,买盘
515,14:30:55,4.82,-2.03,-0.01,59,28438,卖盘
516,14:30:37,4.83,-1.83,-0.01,4,1932,中性盘
517,14:30:37,4.83,-1.83,0.01,4,1932,买盘
518,14:30:34,4.82,-2.03,-0.01,158,76156,卖盘
519,14:30:31,4.83,-1.83,0.0,1,483,买盘
520,14:30:28,4.83,-1.83,0.0,3,1449,买盘
521,14:30:25,4.83,-1.83,0.0,20,9660,买盘
522,14:30:22,4.83,-1.83,0.0,503,242949,买盘
523,14:30:19,4.83,-1.83,0.0,44,21252,买盘
524,14:30:16,4.83,-1.83,0.0,10,4830,买盘
525,14:30:13,4.83,-1.83,-0.01,156,75348,卖盘
526,14:30:10,4.84,-1.63,0.01,11,5324,买盘
527,14:30:07,4.83,-1.83,0.0,10,4830,卖盘
528,14:30:04,4.83,-1.83,-0.01,135,65205,卖盘
529,14:29:52,4.84,-1.63,0.01,69,33396,买盘
530,14:29:49,4.83,-1.83,-0.01,2,966,卖盘
531,14:29:40,4.84,-1.63,0.0,7,3388,买盘
532,14:29:37,4.84,-1.63,0.01,46,22264,买盘
533,14:29:34,4.83,-1.83,-0.01,109,52647,卖盘
534,14:29:25,4.84,-1.63,0.01,1022,494648,买盘
535,14:29:19,4.83,-1.83,-0.01,121,58443,卖盘
536,14:29:10,4.84,-1.63,0.01,8,3872,买盘
537,14:29:07,4.83,-1.83,0.0,172,83076,卖盘
538,14:29:04,4.83,-1.83,0.01,1866,901452,买盘
539,14:29:01,4.82,-2.03,0.0,3,1446,卖盘
540,14:28:58,4.82,-2.03,0.0,2,964,卖盘
541,14:28:55,4.82,-2.03,0.0,10,4820,卖盘
542,14:28:52,4.82,-2.03,0.0,100,48200,卖盘
543,14:28:49,4.82,-2.03,-0.01,79,38078,卖盘
544,14:28:43,4.83,-1.83,0.0,20,9660,买盘
545,14:28:40,4.83,-1.83,0.0,6,2898,买盘
546,14:28:37,4.83,-1.83,0.0,90,43470,买盘
547,14:28:34,4.83,-1.83,0.0,175,84525,买盘
548,14:28:25,4.83,-1.83,0.0,46,22218,买盘
549,14:28:19,4.83,-1.83,0.01,20,9660,买盘
550,14:28:13,4.82,-2.03,0.0,51,24582,卖盘
551,14:28:10,4.82,-2.03,0.0,164,79048,卖盘
552,14:28:06,4.82,-2.03,0.01,1748,842536,买盘
553,14:28:03,4.81,-2.24,-0.01,108,51948,卖盘
554,14:28:01,4.82,-2.03,0.0,201,96882,买盘
555,14:27:58,4.82,-2.03,0.0,192,92544,买盘
556,14:27:51,4.82,-2.03,0.0,2,964,买盘
557,14:27:49,4.82,-2.03,0.0,5,2410,买盘
558,14:27:45,4.82,-2.03,0.01,47,22654,买盘
559,14:27:36,4.81,-2.24,0.0,210,101010,卖盘
560,14:27:34,4.81,-2.24,0.0,198,95238,卖盘
561,14:27:28,4.81,-2.24,0.0,110,52910,卖盘
562,14:27:23,4.81,-2.24,0.0,2,962,卖盘
563,14:27:20,4.81,-2.24,-0.01,76,36556,卖盘
564,14:27:17,4.82,-2.03,0.0,5,2410,买盘
565,14:27:14,4.82,-2.03,0.0,35,16870,买盘
566,14:27:12,4.82,-2.03,0.0,104,50128,买盘
567,14:27:05,4.82,-2.03,0.0,286,137852,买盘
568,14:27:05,4.82,-2.03,0.0,286,137852,中性盘
569,14:27:05,4.82,-2.03,0.0,286,137852,买盘
570,14:27:03,4.82,-2.03,0.01,161,77602,买盘
571,14:26:56,4.81,-2.24,0.0,3,1443,卖盘
572,14:26:54,4.81,-2.24,-0.01,155,74555,卖盘
573,14:26:50,4.82,-2.03,0.01,20,9640,买盘
574,14:26:47,4.81,-2.24,-0.01,67,32227,卖盘
575,14:26:44,4.82,-2.03,0.01,19,9158,买盘
576,14:26:41,4.81,-2.24,0.0,2,962,卖盘
577,14:26:38,4.81,-2.24,-0.01,2008,965848,卖盘
578,14:26:35,4.82,-2.03,0.01,6,2892,买盘
579,14:26:32,4.81,-2.24,-0.01,176,84656,卖盘
580,14:26:29,4.82,-2.03,0.01,10,4820,买盘
581,14:26:26,4.81,-2.24,-0.01,1,481,卖盘
582,14:26:23,4.82,-2.03,0.0,170,81940,买盘
583,14:26:20,4.82,-2.03,0.0,11,5302,买盘
584,14:26:17,4.82,-2.03,0.0,580,279560,买盘
585,14:26:14,4.82,-2.03,0.01,40,19280,买盘
586,14:26:08,4.81,-2.24,-0.01,20,9620,卖盘
587,14:26:02,4.82,-2.03,0.0,211,101702,买盘
588,14:25:59,4.82,-2.03,0.01,31,14942,买盘
589,14:25:56,4.81,-2.24,-0.01,100,48100,卖盘
590,14:25:50,4.82,-2.03,0.0,10,4820,买盘
591,14:25:44,4.82,-2.03,0.0,45,21690,买盘
592,14:25:41,4.82,-2.03,0.0,5,2410,买盘
593,14:25:38,4.82,-2.03,0.01,2,964,买盘
594,14:25:35,4.81,-2.24,0.0,361,173641,卖盘
595,14:25:32,4.81,-2.24,-0.01,236,113516,卖盘
596,14:25:29,4.82,-2.03,0.01,30,14460,买盘
597,14:25:23,4.81,-2.24,0.0,201,96681,卖盘
598,14:25:20,4.81,-2.24,-0.01,22,10582,卖盘
599,14:25:17,4.82,-2.03,0.0,60,28920,买盘
600,14:25:14,4.82,-2.03,0.01,372,179304,买盘
601,14:25:11,4.81,-2.24,0.0,34,16354,卖盘
602,14:25:02,4.81,-2.24,0.0,152,73112,卖盘
603,14:24:59,4.81,-2.24,0.0,310,149110,卖盘
604,14:24:56,4.81,-2.24,-0.01,39,18759,卖盘
605,14:24:53,4.82,-2.03,0.01,165,79530,买盘
606,14:24:50,4.81,-2.24,0.0,32,15392,卖盘
607,14:24:47,4.81,-2.24,-0.01,132,63492,卖盘
608,14:24:44,4.82,-2.03,0.01,119,57358,买盘
609,14:24:41,4.81,-2.24,0.0,2,962,卖盘
610,14:24:38,4.81,-2.24,0.0,30,14430,卖盘
611,14:24:35,4.81,-2.24,-0.01,100,48100,卖盘
612,14:24:32,4.82,-2.03,0.01,216,104112,买盘
613,14:24:29,4.81,-2.24,-0.01,59,28379,卖盘
614,14:24:23,4.82,-2.03,0.0,50,24100,买盘
615,14:24:20,4.82,-2.03,0.0,8,3856,买盘
616,14:24:17,4.82,-2.03,0.01,186,89652,买盘
617,14:24:14,4.81,-2.24,-0.01,1536,738816,卖盘
618,14:24:11,4.82,-2.03,0.0,1162,560084,卖盘
619,14:24:02,4.82,-2.03,-0.01,168,80976,卖盘
620,14:23:59,4.83,-1.83,0.01,2109,1018647,买盘
621,14:23:56,4.82,-2.03,0.0,118,56876,卖盘
622,14:23:53,4.82,-2.03,0.0,2,964,卖盘
623,14:23:50,4.82,-2.03,0.0,62,29884,卖盘
624,14:23:47,4.82,-2.03,0.0,300,144600,卖盘
625,14:23:44,4.82,-2.03,0.0,35,16870,卖盘
626,14:23:38,4.82,-2.03,0.0,1001,482482,卖盘
627,14:23:35,4.82,-2.03,-0.01,7,3374,卖盘
628,14:23:32,4.83,-1.83,0.01,378,182574,买盘
629,14:23:29,4.82,-2.03,0.0,52,25064,卖盘
630,14:23:23,4.82,-2.03,0.0,9,4338,中性盘
631,14:23:23,4.82,-2.03,0.0,9,4338,卖盘
632,14:23:20,4.82,-2.03,0.0,22,10604,卖盘
633,14:23:17,4.82,-2.03,-0.01,45,21690,卖盘
634,14:23:14,4.83,-1.83,0.01,1,483,买盘
635,14:23:11,4.82,-2.03,-0.01,12,5784,卖盘
636,14:23:08,4.83,-1.83,0.01,5,2415,买盘
637,14:23:05,4.82,-2.03,-0.01,1442,695352,卖盘
638,14:23:02,4.83,-1.83,0.0,209,100947,卖盘
639,14:22:59,4.83,-1.83,0.0,136,65688,卖盘
640,14:22:56,4.83,-1.83,0.0,4,1932,卖盘
641,14:22:53,4.83,-1.83,0.0,200,96600,卖盘
642,14:22:50,4.83,-1.83,0.0,109,52647,卖盘
643,14:22:47,4.83,-1.83,0.0,1238,597954,卖盘
644,14:22:44,4.83,-1.83,0.0,17,8385,买盘
645,14:22:41,4.83,-1.83,0.0,3999,1931826,卖盘
646,14:22:38,4.83,-1.83,0.0,1326,640458,卖盘
647,14:22:35,4.83,-1.83,0.0,2,966,卖盘
648,14:22:32,4.83,-1.83,0.0,124,59892,卖盘
649,14:22:26,4.83,-1.83,0.0,1,483,卖盘
650,14:22:23,4.83,-1.83,0.0,10,4830,卖盘
651,14:22:20,4.83,-1.83,0.0,32,15456,卖盘
652,14:22:17,4.83,-1.83,0.0,2,966,卖盘
653,14:22:14,4.83,-1.83,-0.01,1012,488796,卖盘
654,14:22:11,4.84,-1.63,0.01,2,968,买盘
655,14:22:05,4.83,-1.83,-0.01,1,483,卖盘
656,14:22:02,4.84,-1.63,0.01,1995,965580,买盘
657,14:21:59,4.83,-1.83,-0.01,3,1449,卖盘
658,14:21:50,4.84,-1.63,0.0,46,22264,买盘
659,14:21:47,4.84,-1.63,0.01,16,7744,买盘
660,14:21:44,4.83,-1.83,-0.01,68,32844,卖盘
661,14:21:32,4.84,-1.63,0.0,506,244904,买盘
662,14:21:23,4.84,-1.63,0.01,450,217800,买盘
663,14:21:17,4.83,-1.83,0.0,103,49749,卖盘
664,14:21:14,4.83,-1.83,-0.01,75,36225,卖盘
665,14:21:11,4.84,-1.63,0.01,103,49852,买盘
666,14:21:02,4.83,-1.83,0.0,109,52647,卖盘
667,14:20:56,4.83,-1.83,-0.01,1107,534681,卖盘
668,14:20:53,4.84,-1.63,0.01,351,169884,买盘
669,14:20:50,4.83,-1.83,0.0,2,966,卖盘
670,14:20:44,4.83,-1.83,0.0,15,7245,卖盘
671,14:20:38,4.83,-1.83,0.0,3,1449,卖盘
672,14:20:32,4.83,-1.83,-0.01,155,74865,卖盘
673,14:20:23,4.84,-1.63,0.0,1,484,买盘
674,14:20:20,4.84,-1.63,0.0,3553,1719652,买盘
675,14:20:14,4.84,-1.63,0.0,1,484,买盘
676,14:20:11,4.84,-1.63,0.0,260,125840,买盘
677,14:20:08,4.84,-1.63,0.01,20,9680,买盘
678,14:20:05,4.83,-1.83,0.0,1,483,卖盘
679,14:20:02,4.83,-1.83,0.0,310,149730,卖盘
680,14:19:59,4.83,-1.83,0.0,37,17871,卖盘
681,14:19:56,4.83,-1.83,0.0,2023,977109,卖盘
682,14:19:50,4.83,-1.83,0.0,1322,638526,卖盘
683,14:19:47,4.83,-1.83,0.0,1,483,卖盘
684,14:19:44,4.83,-1.83,0.0,413,199479,中性盘
685,14:19:44,4.83,-1.83,0.0,413,199479,卖盘
686,14:19:41,4.83,-1.83,0.0,1067,515361,卖盘
687,14:19:38,4.83,-1.83,-0.01,30,14490,卖盘
688,14:19:35,4.84,-1.63,0.01,1882,910888,买盘
689,14:19:32,4.83,-1.83,0.0,155,74865,卖盘
690,14:19:29,4.83,-1.83,0.0,1,483,卖盘
691,14:19:23,4.83,-1.83,-0.01,1602,773766,卖盘
692,14:19:20,4.84,-1.63,0.01,193,93412,买盘
693,14:19:14,4.83,-1.83,0.0,3,1449,卖盘
694,14:19:11,4.83,-1.83,0.0,20,9660,卖盘
695,14:19:08,4.83,-1.83,0.0,21,10143,卖盘
696,14:19:02,4.83,-1.83,0.0,109,52647,卖盘
697,14:18:56,4.83,-1.83,-0.01,3410,1647030,卖盘
698,14:18:53,4.84,-1.63,0.0,33,15972,买盘
699,14:18:50,4.84,-1.63,0.0,834,403656,买盘
700,14:18:44,4.84,-1.63,0.0,1,484,买盘
701,14:18:41,4.84,-1.63,0.01,1,484,买盘
702,14:18:35,4.83,-1.83,0.0,3,1449,卖盘
703,14:18:32,4.83,-1.83,-0.01,109,52647,卖盘
704,14:18:29,4.84,-1.63,0.01,78,37752,买盘
705,14:18:17,4.83,-1.83,0.0,15,7245,卖盘
706,14:18:14,4.83,-1.83,0.0,11,5313,卖盘
707,14:18:11,4.83,-1.83,0.0,979,473031,买盘
708,14:18:08,4.83,-1.83,0.0,650,313950,买盘
709,14:18:05,4.83,-1.83,0.0,117,56511,买盘
710,14:18:02,4.83,-1.83,0.01,769,371427,买盘
711,14:17:59,4.82,-2.03,0.0,76,36632,卖盘
712,14:17:56,4.82,-2.03,0.0,75,36150,卖盘
713,14:17:47,4.82,-2.03,0.0,33,15906,卖盘
714,14:17:35,4.82,-2.03,0.0,2,964,卖盘
715,14:17:32,4.82,-2.03,0.0,157,75674,卖盘
716,14:17:29,4.82,-2.03,0.0,55,26510,卖盘
717,14:17:23,4.82,-2.03,0.0,40,19280,卖盘
718,14:17:20,4.82,-2.03,0.0,25,12050,卖盘
719,14:17:17,4.82,-2.03,-0.01,86,41452,卖盘
720,14:17:14,4.83,-1.83,0.0,12,5796,买盘
721,14:17:02,4.83,-1.83,0.01,110,53130,买盘
722,14:16:41,4.82,-2.03,-0.01,6,2892,卖盘
723,14:16:38,4.83,-1.83,0.01,11,5313,买盘
724,14:16:35,4.82,-2.03,0.0,2,964,卖盘
725,14:16:32,4.82,-2.03,-0.01,109,52538,卖盘
726,14:16:29,4.83,-1.83,0.0,46,22218,买盘
727,14:16:26,4.83,-1.83,0.01,30,14490,买盘
728,14:16:20,4.82,-2.03,0.0,35,16870,卖盘
729,14:16:14,4.82,-2.03,0.0,31,14942,卖盘
730,14:16:08,4.82,-2.03,0.0,3,1446,卖盘
731,14:16:05,4.82,-2.03,0.0,5,2410,中性盘
732,14:16:05,4.82,-2.03,0.0,5,2410,卖盘
733,14:16:02,4.82,-2.03,0.0,115,55430,卖盘
734,14:15:59,4.82,-2.03,0.0,1,482,卖盘
735,14:15:56,4.82,-2.03,0.0,6,2892,卖盘
736,14:15:44,4.82,-2.03,0.0,3,1446,卖盘
737,14:15:41,4.82,-2.03,0.0,210,101220,卖盘
738,14:15:38,4.82,-2.03,0.0,267,128694,卖盘
739,14:15:35,4.82,-2.03,0.0,96,46272,卖盘
740,14:15:32,4.82,-2.03,-0.01,108,52056,卖盘
741,14:15:29,4.83,-1.83,0.01,60,28980,买盘
742,14:15:26,4.82,-2.03,0.0,595,286790,卖盘
743,14:15:23,4.82,-2.03,-0.01,1,482,卖盘
744,14:15:20,4.83,-1.83,0.0,70,33810,买盘
745,14:15:17,4.83,-1.83,0.0,1,483,买盘
746,14:15:14,4.83,-1.83,0.0,102,49266,买盘
747,14:15:11,4.83,-1.83,0.01,103,49749,买盘
748,14:15:08,4.82,-2.03,0.0,7,3374,卖盘
749,14:15:02,4.82,-2.03,0.0,109,52538,卖盘
750,14:14:59,4.82,-2.03,-0.01,9,4338,卖盘
751,14:14:47,4.83,-1.83,0.0,395,191094,卖盘
752,14:14:40,4.83,-1.83,0.0,1526,737058,卖盘
753,14:14:37,4.83,-1.83,0.0,50,24150,卖盘
754,14:14:31,4.83,-1.83,0.0,229,110607,卖盘
755,14:14:26,4.83,-1.83,0.0,62,29946,卖盘
756,14:14:20,4.83,-1.83,0.0,151,72933,卖盘
757,14:14:16,4.83,-1.83,0.0,133,64239,卖盘
758,14:14:11,4.83,-1.83,0.0,12,5796,卖盘
759,14:14:04,4.83,-1.83,0.0,313,151353,买盘
760,14:14:01,4.83,-1.83,0.01,225,108675,买盘
761,14:13:58,4.82,-2.03,0.0,79,38078,卖盘
762,14:13:55,4.82,-2.03,-0.01,30,14460,卖盘
763,14:13:49,4.83,-1.83,0.0,14,6762,买盘
764,14:13:46,4.83,-1.83,0.0,26,12558,买盘
765,14:13:37,4.83,-1.83,0.0,7,3381,买盘
766,14:13:34,4.83,-1.83,0.0,528,255333,卖盘
767,14:13:31,4.83,-1.83,0.0,2746,1326318,卖盘
768,14:13:28,4.83,-1.83,-0.01,1,483,卖盘
769,14:13:25,4.84,-1.63,0.01,52,25168,买盘
770,14:13:22,4.83,-1.83,0.0,194,93702,卖盘
771,14:13:19,4.83,-1.83,0.0,10,4830,卖盘
772,14:13:16,4.83,-1.83,-0.01,45,21735,卖盘
773,14:13:13,4.84,-1.63,0.0,2,968,买盘
774,14:13:10,4.84,-1.63,0.01,1,484,买盘
775,14:13:07,4.83,-1.83,0.0,350,169050,卖盘
776,14:13:04,4.83,-1.83,-0.01,535,258405,卖盘
777,14:12:55,4.84,-1.63,0.01,14,6776,买盘
778,14:12:52,4.83,-1.83,0.0,2,966,卖盘
779,14:12:49,4.83,-1.83,0.0,1647,795501,卖盘
780,14:12:46,4.83,-1.83,0.0,2,966,卖盘
781,14:12:43,4.83,-1.83,-0.01,13,6279,卖盘
782,14:12:40,4.84,-1.63,0.01,3,1452,买盘
783,14:12:34,4.83,-1.83,-0.01,109,52647,卖盘
784,14:12:31,4.84,-1.63,0.0,66,31944,买盘
785,14:12:22,4.84,-1.63,0.0,5,2420,中性盘
786,14:12:22,4.84,-1.63,0.01,5,2420,买盘
787,14:12:19,4.83,-1.83,0.0,7,3381,卖盘
788,14:12:16,4.83,-1.83,-0.01,1,483,卖盘
789,14:12:13,4.84,-1.63,0.0,103,49852,买盘
790,14:12:10,4.84,-1.63,0.0,86,41624,买盘
791,14:12:07,4.84,-1.63,0.01,11,5324,买盘
792,14:12:04,4.83,-1.83,-0.01,111,53613,卖盘
793,14:12:01,4.84,-1.63,0.01,146,70838,买盘
794,14:11:55,4.83,-1.83,-0.01,100,48300,卖盘
795,14:11:52,4.84,-1.63,0.01,67,32428,买盘
796,14:11:43,4.83,-1.83,-0.01,302,145866,卖盘
797,14:11:40,4.84,-1.63,0.0,17,8228,买盘
798,14:11:37,4.84,-1.63,0.01,16,7744,买盘
799,14:11:34,4.83,-1.83,-0.01,138,66654,卖盘
800,14:11:31,4.84,-1.63,0.01,47,22748,买盘
801,14:11:28,4.83,-1.83,-0.01,86,41538,卖盘
802,14:11:25,4.84,-1.63,0.0,21,10164,买盘
803,14:11:22,4.84,-1.63,0.0,50,24200,买盘
804,14:11:19,4.84,-1.63,0.0,72,34848,买盘
805,14:11:13,4.84,-1.63,0.0,3,1452,买盘
806,14:11:07,4.84,-1.63,0.0,50,24200,买盘
807,14:11:04,4.84,-1.63,0.01,149,72116,买盘
808,14:11:01,4.83,-1.83,0.0,3,1449,卖盘
809,14:10:58,4.83,-1.83,-0.01,12,5796,卖盘
810,14:10:52,4.84,-1.63,0.01,5,2420,买盘
811,14:10:49,4.83,-1.83,-0.01,61,29463,卖盘
812,14:10:46,4.84,-1.63,0.0,47,22748,买盘
813,14:10:43,4.84,-1.63,0.01,15,7260,买盘
814,14:10:37,4.83,-1.83,0.0,28,13524,卖盘
815,14:10:34,4.83,-1.83,-0.01,109,52647,卖盘
816,14:10:31,4.84,-1.63,0.0,46,22264,买盘
817,14:10:25,4.84,-1.63,0.01,71,34364,买盘
818,14:10:22,4.83,-1.83,-0.01,1,483,卖盘
819,14:10:19,4.84,-1.63,0.01,15,7260,买盘
820,14:10:16,4.83,-1.83,-0.01,4,1932,卖盘
821,14:10:07,4.84,-1.63,0.01,4,1936,买盘
822,14:10:04,4.83,-1.83,-0.01,154,74382,卖盘
823,14:09:58,4.84,-1.63,0.0,46,22264,买盘
824,14:09:55,4.84,-1.63,0.01,6,2904,买盘
825,14:09:52,4.83,-1.83,0.0,134,64722,卖盘
826,14:09:49,4.83,-1.83,0.0,2,966,卖盘
827,14:09:43,4.83,-1.83,0.0,137,66171,卖盘
828,14:09:40,4.83,-1.83,-0.01,10,4830,卖盘
829,14:09:37,4.84,-1.63,0.0,78,37752,买盘
830,14:09:33,4.84,-1.63,0.0,309,149556,买盘
831,14:09:31,4.84,-1.63,0.0,58,28072,买盘
832,14:09:25,4.84,-1.63,0.0,6,2904,买盘
833,14:09:18,4.84,-1.63,0.01,161,77924,买盘
834,14:09:16,4.83,-1.83,-0.01,142,68586,卖盘
835,14:09:12,4.84,-1.63,0.01,26,12584,买盘
836,14:09:10,4.83,-1.83,-0.01,6,2898,卖盘
837,14:09:07,4.84,-1.63,0.0,110,53240,买盘
838,14:09:04,4.84,-1.63,0.0,135,65340,买盘
839,14:09:01,4.84,-1.63,0.01,205,99220,中性盘
840,14:08:58,4.83,-1.83,0.0,117,56511,卖盘
841,14:08:55,4.83,-1.83,0.0,967,467061,卖盘
842,14:08:52,4.83,-1.83,0.0,0,0,卖盘
843,14:08:49,4.83,-1.83,-0.02,142,68586,卖盘
844,14:08:43,4.85,-1.42,-0.02,103,49955,中性盘
845,14:08:43,4.85,-1.42,0.02,103,49955,买盘
846,14:08:40,4.83,-1.83,-0.01,9,4347,卖盘
847,14:08:37,4.84,-1.63,0.0,500,242000,买盘
848,14:08:34,4.84,-1.63,0.0,166,80344,买盘
849,14:08:31,4.84,-1.63,0.01,56,27104,买盘
850,14:08:27,4.83,-1.83,0.0,59,28497,卖盘
851,14:08:25,4.83,-1.83,-0.02,2326,1123458,卖盘
852,14:08:19,4.85,-1.42,0.01,5,2425,买盘
853,14:08:10,4.84,-1.63,-0.01,10,4840,中性盘
854,14:08:06,4.85,-1.42,0.02,17,8245,买盘
855,14:08:04,4.83,-1.83,0.0,109,52647,卖盘
856,14:08:00,4.83,-1.83,0.0,6,2898,卖盘
857,14:07:54,4.83,-1.83,0.0,10,4830,卖盘
858,14:07:49,4.83,-1.83,-0.02,105,50715,卖盘
859,14:07:46,4.85,-1.42,0.02,100,48500,买盘
860,14:07:42,4.83,-1.83,0.0,0,0,卖盘
861,14:07:39,4.83,-1.83,-0.01,3126,1509858,卖盘
862,14:07:37,4.84,-1.63,0.0,18,8712,卖盘
863,14:07:34,4.84,-1.63,0.0,108,52272,卖盘
864,14:07:31,4.84,-1.63,0.01,4202,2033768,买盘
865,14:07:24,4.83,-1.83,-0.01,100,48300,卖盘
866,14:07:21,4.84,-1.63,0.0,5,2420,买盘
867,14:07:18,4.84,-1.63,0.01,2,968,买盘
868,14:07:15,4.83,-1.83,0.0,4,1932,卖盘
869,14:07:10,4.83,-1.83,0.0,1,483,卖盘
870,14:07:03,4.83,-1.83,-0.01,109,52647,卖盘
871,14:07:00,4.84,-1.63,0.0,20,9680,买盘
872,14:06:51,4.84,-1.63,0.0,20,9680,买盘
873,14:06:48,4.84,-1.63,0.01,5,2420,买盘
874,14:06:45,4.83,-1.83,0.0,267,128961,买盘
875,14:06:38,4.83,-1.83,0.0,650,313950,买盘
876,14:06:35,4.83,-1.83,0.0,3,1449,买盘
877,14:06:32,4.83,-1.83,0.0,124,59892,买盘
878,14:06:29,4.83,-1.83,0.0,2240,1081920,卖盘
879,14:06:28,4.83,-1.83,0.0,2,966,卖盘
880,14:06:24,4.83,-1.83,-0.01,1,483,卖盘
881,14:06:20,4.84,-1.63,0.01,5,2420,买盘
882,14:06:18,4.83,-1.83,0.0,66,31878,卖盘
883,14:06:14,4.83,-1.83,0.0,169,81627,买盘
884,14:06:11,4.83,-1.83,0.0,613,296079,买盘
885,14:06:04,4.83,-1.83,0.0,129,62307,买盘
886,14:05:59,4.83,-1.83,0.01,3,1449,买盘
887,14:05:56,4.82,-2.03,0.0,0,0,卖盘
888,14:05:53,4.82,-2.03,-0.02,758,365356,卖盘
889,14:05:50,4.84,-1.63,0.01,1,484,买盘
890,14:05:47,4.83,-1.83,0.0,23,11109,卖盘
891,14:05:35,4.83,-1.83,0.0,50,24150,卖盘
892,14:05:32,4.83,-1.83,0.0,156,75348,买盘
893,14:05:29,4.83,-1.83,0.0,88,42504,买盘
894,14:05:26,4.83,-1.83,0.0,10,4830,买盘
895,14:05:23,4.83,-1.83,0.0,224,108192,买盘
896,14:05:20,4.83,-1.83,0.0,116,56028,买盘
897,14:05:17,4.83,-1.83,0.0,147,71001,买盘
898,14:05:14,4.83,-1.83,0.0,295,142485,卖盘
899,14:05:08,4.83,-1.83,0.0,37,17871,中性盘
900,14:05:08,4.83,-1.83,0.0,37,17871,买盘
901,14:05:05,4.83,-1.83,0.0,65,31395,卖盘
902,14:05:02,4.83,-1.83,0.0,152,73416,买盘
903,14:04:56,4.83,-1.83,0.0,160,77280,买盘
904,14:04:53,4.83,-1.83,0.0,54,26082,买盘
905,14:04:50,4.83,-1.83,0.0,320,154560,买盘
906,14:04:47,4.83,-1.83,0.0,174,84042,卖盘
907,14:04:44,4.83,-1.83,0.0,187,90321,卖盘
908,14:04:35,4.83,-1.83,0.0,22,10626,卖盘
909,14:04:32,4.83,-1.83,-0.01,109,52647,卖盘
910,14:04:29,4.84,-1.63,0.0,5,2420,买盘
911,14:04:26,4.84,-1.63,0.0,151,73084,买盘
912,14:04:23,4.84,-1.63,0.0,6,2904,买盘
913,14:04:20,4.84,-1.63,0.0,1,484,买盘
914,14:04:17,4.84,-1.63,0.01,320,154880,买盘
915,14:04:08,4.83,-1.83,0.0,1,483,卖盘
916,14:04:05,4.83,-1.83,0.0,30,14490,卖盘
917,14:04:02,4.83,-1.83,0.0,110,53130,卖盘
918,14:03:59,4.83,-1.83,-0.01,4,1932,卖盘
919,14:03:50,4.84,-1.63,0.0,5,2420,买盘
920,14:03:47,4.84,-1.63,0.01,2,968,买盘
921,14:03:41,4.83,-1.83,-0.01,7,3381,卖盘
922,14:03:38,4.84,-1.63,0.01,16,7744,买盘
923,14:03:35,4.83,-1.83,0.01,29,14007,买盘
924,14:03:32,4.82,-2.03,0.0,108,52056,卖盘
925,14:03:29,4.82,-2.03,-0.01,17,8194,卖盘
926,14:03:26,4.83,-1.83,0.0,7,3381,买盘
927,14:03:23,4.83,-1.83,0.01,7,3381,买盘
928,14:03:20,4.82,-2.03,-0.02,50,24100,卖盘
929,14:03:17,4.84,-1.63,0.01,13,6292,买盘
930,14:03:14,4.83,-1.83,0.0,0,0,中性盘
931,14:03:11,4.83,-1.83,0.0,151,72933,买盘
932,14:03:08,4.83,-1.83,0.0,10,4830,买盘
933,14:03:05,4.83,-1.83,0.01,11,5313,买盘
934,14:03:02,4.82,-2.03,0.0,109,52538,卖盘
935,14:02:59,4.82,-2.03,0.0,46,22172,卖盘
936,14:02:53,4.82,-2.03,-0.01,2,964,卖盘
937,14:02:47,4.83,-1.83,0.01,4,1932,买盘
938,14:02:41,4.82,-2.03,-0.01,1,482,卖盘
939,14:02:38,4.83,-1.83,0.01,70,33810,买盘
940,14:02:32,4.82,-2.03,-0.01,109,52538,卖盘
941,14:02:26,4.83,-1.83,0.0,28,13524,卖盘
942,14:02:20,4.83,-1.83,-0.01,30,14490,卖盘
943,14:02:17,4.84,-1.63,0.01,5,2420,买盘
944,14:02:14,4.83,-1.83,0.0,3,1449,卖盘
945,14:02:11,4.83,-1.83,0.0,112,54096,买盘
946,14:02:08,4.83,-1.83,0.0,9,4347,买盘
947,14:02:05,4.83,-1.83,0.0,459,221697,卖盘
948,14:02:02,4.83,-1.83,-0.01,126,60858,卖盘
949,14:01:47,4.84,-1.63,0.01,5,2420,买盘
950,14:01:44,4.83,-1.83,0.0,386,186438,买盘
951,14:01:41,4.83,-1.83,0.0,12,5796,买盘
952,14:01:35,4.83,-1.83,0.0,45,21735,买盘
953,14:01:32,4.83,-1.83,0.0,110,53130,买盘
954,14:01:29,4.83,-1.83,0.0,20,9660,中性盘
955,14:01:29,4.83,-1.83,0.0,20,9660,买盘
956,14:01:26,4.83,-1.83,0.0,58,28014,买盘
957,14:01:20,4.83,-1.83,0.0,16,7728,买盘
958,14:01:14,4.83,-1.83,0.0,58,28014,买盘
959,14:01:11,4.83,-1.83,0.0,11,5313,买盘
960,14:01:08,4.83,-1.83,0.0,179,86457,卖盘
961,14:01:05,4.83,-1.83,0.0,20,9660,卖盘
962,14:01:02,4.83,-1.83,0.0,109,52647,卖盘
963,14:00:59,4.83,-1.83,-0.01,20,9660,卖盘
964,14:00:53,4.84,-1.63,0.0,10,4840,买盘
965,14:00:50,4.84,-1.63,0.0,5,2420,买盘
966,14:00:47,4.84,-1.63,0.0,18,8712,买盘
967,14:00:44,4.84,-1.63,0.0,6,2904,买盘
968,14:00:41,4.84,-1.63,0.0,7,3388,买盘
969,14:00:38,4.84,-1.63,0.0,31,15004,买盘
970,14:00:35,4.84,-1.63,0.0,0,0,买盘
971,14:00:32,4.84,-1.63,0.01,294,142296,买盘
972,14:00:23,4.83,-1.83,0.0,27,13041,卖盘
973,14:00:17,4.83,-1.83,0.0,4947,2389715,买盘
974,14:00:11,4.83,-1.83,0.0,110,53130,买盘
975,14:00:08,4.83,-1.83,0.01,16,7728,买盘
976,14:00:02,4.82,-2.03,0.0,109,52538,卖盘
977,13:59:59,4.82,-2.03,-0.01,5,2410,卖盘
978,13:59:56,4.83,-1.83,0.0,2,966,买盘
979,13:59:50,4.83,-1.83,0.0,5,2415,买盘
980,13:59:47,4.83,-1.83,0.01,1,483,买盘
981,13:59:32,4.82,-2.03,0.0,109,52538,卖盘
982,13:59:29,4.82,-2.03,-0.01,48,23136,卖盘
983,13:59:26,4.83,-1.83,0.01,3000,1449000,买盘
984,13:59:23,4.82,-2.03,-0.01,11,5302,卖盘
985,13:59:20,4.83,-1.83,0.0,5,2415,买盘
986,13:59:14,4.83,-1.83,0.01,55,26565,买盘
987,13:59:11,4.82,-2.03,0.0,30,14460,卖盘
988,13:59:05,4.82,-2.03,-0.01,370,178340,卖盘
989,13:59:02,4.83,-1.83,0.0,118,56994,买盘
990,13:58:59,4.83,-1.83,0.01,11,5313,买盘
991,13:58:56,4.82,-2.03,0.0,1610,776020,卖盘
992,13:58:53,4.82,-2.03,-0.01,1,482,卖盘
993,13:58:47,4.83,-1.83,0.0,7,3381,买盘
994,13:58:41,4.83,-1.83,0.01,15,7245,买盘
995,13:58:35,4.82,-2.03,0.0,280,134960,卖盘
996,13:58:32,4.82,-2.03,0.0,191,92062,卖盘
997,13:58:29,4.82,-2.03,0.0,7,3374,卖盘
998,13:58:26,4.82,-2.03,-0.01,387,186534,卖盘
999,13:58:23,4.83,-1.83,0.01,6,2898,买盘
1000,13:58:14,4.82,-2.03,0.0,38,18316,卖盘
1001,13:58:08,4.82,-2.03,-0.01,80,38560,卖盘
1002,13:58:05,4.83,-1.83,0.01,31,14973,买盘
1003,13:58:02,4.82,-2.03,0.0,110,53020,卖盘
1004,13:57:56,4.82,-2.03,0.0,5,2410,卖盘
1005,13:57:53,4.82,-2.03,-0.01,10,4820,卖盘
1006,13:57:50,4.83,-1.83,0.0,3,1449,买盘
1007,13:57:50,4.83,-1.83,0.0,3,1449,中性盘
1008,13:57:50,4.83,-1.83,0.0,3,1449,买盘
1009,13:57:47,4.83,-1.83,0.01,5,2415,买盘
1010,13:57:32,4.82,-2.03,-0.01,111,53502,卖盘
1011,13:57:20,4.83,-1.83,0.0,27,13041,买盘
1012,13:57:11,4.83,-1.83,0.01,103,49749,买盘
1013,13:57:02,4.82,-2.03,0.0,109,52538,卖盘
1014,13:56:59,4.82,-2.03,-0.01,105,50610,卖盘
1015,13:56:50,4.83,-1.83,0.01,49,23667,买盘
1016,13:56:47,4.82,-2.03,0.0,7,3374,卖盘
1017,13:56:44,4.82,-2.03,0.0,7,3374,卖盘
1018,13:56:41,4.82,-2.03,-0.01,10,4820,卖盘
1019,13:56:38,4.83,-1.83,0.0,126,60858,买盘
1020,13:56:35,4.83,-1.83,0.01,9,4347,买盘
1021,13:56:32,4.82,-2.03,-0.01,116,55912,卖盘
1022,13:56:29,4.83,-1.83,0.0,1,483,买盘
1023,13:56:26,4.83,-1.83,0.0,20,9660,买盘
1024,13:56:17,4.83,-1.83,0.0,5,2415,买盘
1025,13:56:14,4.83,-1.83,0.0,1,483,买盘
1026,13:56:02,4.83,-1.83,0.01,114,55062,买盘
1027,13:55:59,4.82,-2.03,0.0,23,11086,卖盘
1028,13:55:53,4.82,-2.03,-0.01,2,964,卖盘
1029,13:55:47,4.83,-1.83,0.0,5,2415,买盘
1030,13:55:44,4.83,-1.83,0.01,7,3381,买盘
1031,13:55:41,4.82,-2.03,-0.01,423,203886,卖盘
1032,13:55:38,4.83,-1.83,0.01,16,7728,买盘
1033,13:55:32,4.82,-2.03,-0.01,144,69408,卖盘
1034,13:55:23,4.83,-1.83,0.0,1,483,买盘
1035,13:55:20,4.83,-1.83,0.01,50,24150,买盘
1036,13:55:17,4.82,-2.03,-0.01,31,14942,卖盘
1037,13:55:14,4.83,-1.83,0.0,5,2415,买盘
1038,13:55:08,4.83,-1.83,0.01,8,3864,买盘
1039,13:55:05,4.82,-2.03,0.0,10,4820,卖盘
1040,13:55:02,4.82,-2.03,0.0,140,67480,卖盘
1041,13:54:53,4.82,-2.03,-0.01,2,964,卖盘
1042,13:54:50,4.83,-1.83,0.0,16,7728,买盘
1043,13:54:47,4.83,-1.83,0.0,5,2415,买盘
1044,13:54:35,4.83,-1.83,0.01,4,1932,买盘
1045,13:54:32,4.82,-2.03,0.0,108,52056,卖盘
1046,13:54:20,4.82,-2.03,0.0,39,18798,卖盘
1047,13:54:17,4.82,-2.03,0.0,16,7712,卖盘
1048,13:54:14,4.82,-2.03,-0.01,41,19762,卖盘
1049,13:54:02,4.83,-1.83,-0.01,134,64722,中性盘
1050,13:54:02,4.83,-1.83,0.0,134,64722,买盘
1051,13:53:59,4.83,-1.83,0.01,2,966,买盘
1052,13:53:56,4.82,-2.03,0.0,1,482,卖盘
1053,13:53:53,4.82,-2.03,-0.01,9,4338,卖盘
1054,13:53:47,4.83,-1.83,0.0,1,483,买盘
1055,13:53:43,4.83,-1.83,0.0,5,2415,买盘
1056,13:53:38,4.83,-1.83,0.0,7,3381,买盘
1057,13:53:35,4.83,-1.83,0.01,22,10626,买盘
1058,13:53:32,4.82,-2.03,-0.01,109,52538,卖盘
1059,13:53:29,4.83,-1.83,0.0,40,19320,买盘
1060,13:53:23,4.83,-1.83,0.0,120,57960,买盘
1061,13:53:19,4.83,-1.83,0.0,13,6279,买盘
1062,13:53:17,4.83,-1.83,0.01,1,483,买盘
1063,13:53:11,4.82,-2.03,0.0,51,24582,卖盘
1064,13:53:01,4.82,-2.03,-0.01,120,57840,卖盘
1065,13:52:55,4.83,-1.83,0.0,4,1932,买盘
1066,13:52:47,4.83,-1.83,0.01,99,47831,买盘
1067,13:52:41,4.82,-2.03,0.0,396,190872,买盘
1068,13:52:34,4.82,-2.03,0.0,335,161470,买盘
1069,13:52:31,4.82,-2.03,0.0,130,62660,买盘
1070,13:52:28,4.82,-2.03,0.01,302,145564,买盘
1071,13:52:25,4.81,-2.24,-0.01,10,4810,卖盘
1072,13:52:22,4.82,-2.03,0.0,43,20726,买盘
1073,13:52:19,4.82,-2.03,0.01,50,24100,买盘
1074,13:52:13,4.81,-2.24,-0.01,17,8177,卖盘
1075,13:52:10,4.82,-2.03,0.0,125,60250,买盘
1076,13:52:07,4.82,-2.03,0.01,62,29884,买盘
1077,13:52:04,4.81,-2.24,0.0,116,55796,卖盘
1078,13:52:01,4.81,-2.24,0.0,4,1924,卖盘
1079,13:51:58,4.81,-2.24,-0.01,24,11544,卖盘
1080,13:51:55,4.82,-2.03,0.0,3,1446,买盘
1081,13:51:52,4.82,-2.03,0.0,87,41934,买盘
1082,13:51:46,4.82,-2.03,0.0,57,27474,买盘
1083,13:51:40,4.82,-2.03,0.0,40,19280,买盘
1084,13:51:37,4.82,-2.03,0.01,179,86278,买盘
1085,13:51:34,4.81,-2.24,-0.01,109,52429,卖盘
1086,13:51:28,4.82,-2.03,0.0,31,14942,买盘
1087,13:51:22,4.82,-2.03,0.01,3,1446,买盘
1088,13:51:19,4.81,-2.24,0.0,26,12506,卖盘
1089,13:51:10,4.81,-2.24,0.0,20,9620,卖盘
1090,13:51:07,4.81,-2.24,0.0,11,5291,卖盘
1091,13:51:04,4.81,-2.24,0.0,108,51948,卖盘
1092,13:50:55,4.81,-2.24,0.0,130,62530,卖盘
1093,13:50:52,4.81,-2.24,-0.01,4,1924,卖盘
1094,13:50:49,4.82,-2.03,0.01,93,44826,买盘
1095,13:50:46,4.81,-2.24,-0.01,8,3848,卖盘
1096,13:50:43,4.82,-2.03,0.01,7,3374,买盘
1097,13:50:34,4.81,-2.24,0.0,169,81318,卖盘
1098,13:50:25,4.81,-2.24,0.0,71,34151,中性盘
1099,13:50:25,4.81,-2.24,-0.01,71,34151,卖盘
1100,13:50:22,4.82,-2.03,0.01,2,964,买盘
1101,13:50:13,4.81,-2.24,-0.01,60,28860,卖盘
1102,13:50:10,4.82,-2.03,0.01,77,37114,买盘
1103,13:50:04,4.81,-2.24,0.0,140,67340,卖盘
1104,13:50:01,4.81,-2.24,-0.01,7,3367,卖盘
1105,13:49:58,4.82,-2.03,0.01,53,25546,买盘
1106,13:49:55,4.81,-2.24,-0.01,76,36556,卖盘
1107,13:49:52,4.82,-2.03,0.01,3,1446,买盘
1108,13:49:49,4.81,-2.24,0.0,10,4810,卖盘
1109,13:49:46,4.81,-2.24,0.0,7,3367,卖盘
1110,13:49:43,4.81,-2.24,0.0,3,1443,卖盘
1111,13:49:37,4.81,-2.24,0.0,100,48100,卖盘
1112,13:49:34,4.81,-2.24,0.0,109,52429,卖盘
1113,13:49:31,4.81,-2.24,0.0,12,5772,卖盘
1114,13:49:28,4.81,-2.24,-0.01,31,14911,卖盘
1115,13:49:25,4.82,-2.03,0.0,77,37114,买盘
1116,13:49:22,4.82,-2.03,0.01,53,25546,买盘
1117,13:49:16,4.81,-2.24,-0.01,1,481,卖盘
1118,13:49:13,4.82,-2.03,0.0,56,26992,买盘
1119,13:49:07,4.82,-2.03,0.0,4,1928,买盘
1120,13:49:04,4.82,-2.03,0.01,309,148938,买盘
1121,13:49:01,4.81,-2.24,-0.01,154,74074,卖盘
1122,13:48:52,4.82,-2.03,0.01,3,1446,买盘
1123,13:48:49,4.81,-2.24,0.0,7,3367,卖盘
1124,13:48:46,4.81,-2.24,0.0,33,15873,卖盘
1125,13:48:39,4.81,-2.24,0.0,57,27417,卖盘
1126,13:48:33,4.81,-2.24,-0.01,109,52429,卖盘
1127,13:48:24,4.82,-2.03,0.01,16,7712,买盘
1128,13:48:15,4.81,-2.24,-0.01,30,14430,卖盘
1129,13:48:13,4.82,-2.03,0.01,6,2892,买盘
1130,13:48:06,4.81,-2.24,0.0,435,209235,卖盘
1131,13:48:03,4.81,-2.24,0.0,119,57239,卖盘
1132,13:47:58,4.81,-2.24,0.0,26,12506,卖盘
1133,13:47:54,4.81,-2.24,-0.01,13,6253,卖盘
1134,13:47:51,4.82,-2.03,0.0,13,6266,买盘
1135,13:47:48,4.82,-2.03,0.01,10,4820,买盘
1136,13:47:45,4.81,-2.24,-0.01,12,5772,卖盘
1137,13:47:39,4.82,-2.03,0.01,5,2410,买盘
1138,13:47:36,4.81,-2.24,-0.01,195,93795,卖盘
1139,13:47:33,4.82,-2.03,0.01,133,64106,买盘
1140,13:47:31,4.81,-2.24,0.0,500,240500,卖盘
1141,13:47:27,4.81,-2.24,-0.01,1,481,卖盘
1142,13:47:24,4.82,-2.03,0.0,42,20244,买盘
1143,13:47:21,4.82,-2.03,0.0,64,30848,买盘
1144,13:47:18,4.82,-2.03,0.01,6,2892,买盘
1145,13:47:15,4.81,-2.24,0.0,97,46657,卖盘
1146,13:47:12,4.81,-2.24,-0.01,49,23569,卖盘
1147,13:47:09,4.82,-2.03,0.0,22,10604,买盘
1148,13:47:06,4.82,-2.03,0.01,91,43862,买盘
1149,13:47:03,4.81,-2.24,0.0,110,52910,卖盘
1150,13:47:00,4.81,-2.24,-0.01,160,76960,卖盘
1151,13:46:57,4.82,-2.03,0.0,111,53502,买盘
1152,13:46:54,4.82,-2.03,0.01,3,1446,买盘
1153,13:46:51,4.81,-2.24,0.0,82,39442,中性盘
1154,13:46:51,4.81,-2.24,-0.01,82,39442,卖盘
1155,13:46:48,4.82,-2.03,0.01,8,3856,买盘
1156,13:46:45,4.81,-2.24,0.0,79,37999,卖盘
1157,13:46:42,4.81,-2.24,0.0,10,4810,卖盘
1158,13:46:39,4.81,-2.24,0.0,11,5291,卖盘
1159,13:46:36,4.81,-2.24,-0.01,358,172198,卖盘
1160,13:46:33,4.82,-2.03,0.01,142,68444,买盘
1161,13:46:27,4.81,-2.24,0.0,6,2886,卖盘
1162,13:46:24,4.81,-2.24,-0.01,138,66378,卖盘
1163,13:46:21,4.82,-2.03,0.0,105,50610,买盘
1164,13:46:18,4.82,-2.03,0.01,9,4338,买盘
1165,13:46:15,4.81,-2.24,0.0,88,42328,卖盘
1166,13:46:09,4.81,-2.24,0.0,605,291005,卖盘
1167,13:46:06,4.81,-2.24,0.0,34,16354,卖盘
1168,13:46:03,4.81,-2.24,0.0,369,177489,卖盘
1169,13:46:00,4.81,-2.24,0.0,30,14430,卖盘
1170,13:45:57,4.81,-2.24,0.0,15,7215,卖盘
1171,13:45:51,4.81,-2.24,-0.01,89,42809,卖盘
1172,13:45:48,4.82,-2.03,0.0,141,67962,买盘
1173,13:45:45,4.82,-2.03,0.01,14,6748,买盘
1174,13:45:42,4.81,-2.24,-0.01,2,962,卖盘
1175,13:45:39,4.82,-2.03,0.0,30,14460,买盘
1176,13:45:35,4.82,-2.03,0.01,224,107968,买盘
1177,13:45:33,4.81,-2.24,-0.01,110,52910,卖盘
1178,13:45:30,4.82,-2.03,0.01,191,92062,买盘
1179,13:45:27,4.81,-2.24,0.0,10,4810,卖盘
1180,13:45:24,4.81,-2.24,-0.01,210,101010,卖盘
1181,13:45:21,4.82,-2.03,0.0,137,66034,买盘
1182,13:45:17,4.82,-2.03,0.0,119,57358,买盘
1183,13:45:14,4.82,-2.03,0.01,19,9158,买盘
1184,13:45:12,4.81,-2.24,0.0,34,16354,卖盘
1185,13:45:08,4.81,-2.24,0.0,65,31265,卖盘
1186,13:45:05,4.81,-2.24,0.0,80,38480,卖盘
1187,13:45:02,4.81,-2.24,-0.01,126,60606,卖盘
1188,13:44:59,4.82,-2.03,0.01,6,2892,买盘
1189,13:44:56,4.81,-2.24,0.0,47,22607,卖盘
1190,13:44:53,4.81,-2.24,0.0,44,21164,卖盘
1191,13:44:50,4.81,-2.24,0.0,5,2405,卖盘
1192,13:44:48,4.81,-2.24,0.0,12,5772,卖盘
1193,13:44:44,4.81,-2.24,0.0,86,41366,卖盘
1194,13:44:42,4.81,-2.24,-0.01,22,10582,卖盘
1195,13:44:38,4.82,-2.03,0.0,2,964,买盘
1196,13:44:35,4.82,-2.03,0.0,205,98810,买盘
1197,13:44:32,4.82,-2.03,0.01,125,60250,买盘
1198,13:44:26,4.81,-2.24,-0.01,6,2886,卖盘
1199,13:44:23,4.82,-2.03,0.0,135,65070,买盘
1200,13:44:20,4.82,-2.03,0.01,3,1446,买盘
1201,13:44:17,4.81,-2.24,-0.01,92,44252,卖盘
1202,13:44:14,4.82,-2.03,0.0,84,40488,买盘
1203,13:44:08,4.82,-2.03,0.01,37,17834,买盘
1204,13:44:02,4.81,-2.24,0.0,110,52910,卖盘
1205,13:43:59,4.81,-2.24,-0.01,70,33670,卖盘
1206,13:43:56,4.82,-2.03,0.01,80,38560,买盘
1207,13:43:53,4.81,-2.24,-0.01,25,12025,卖盘
1208,13:43:50,4.82,-2.03,0.01,33,15906,买盘
1209,13:43:47,4.81,-2.24,-0.01,45,21645,卖盘
1210,13:43:44,4.82,-2.03,0.01,40,19280,买盘
1211,13:43:38,4.81,-2.24,-0.01,231,111111,卖盘
1212,13:43:35,4.82,-2.03,0.01,150,72300,买盘
1213,13:43:32,4.81,-2.24,0.0,169,81289,卖盘
1214,13:43:29,4.81,-2.24,0.0,2,962,卖盘
1215,13:43:26,4.81,-2.24,0.0,20,9620,卖盘
1216,13:43:23,4.81,-2.24,-0.01,250,120250,卖盘
1217,13:43:20,4.82,-2.03,0.01,3,1446,买盘
1218,13:43:17,4.81,-2.24,0.0,1,481,卖盘
1219,13:43:11,4.81,-2.24,0.0,16,7696,中性盘
1220,13:43:11,4.81,-2.24,0.0,16,7696,卖盘
1221,13:43:08,4.81,-2.24,0.0,65,31265,卖盘
1222,13:43:02,4.81,-2.24,-0.01,109,52429,卖盘
1223,13:42:59,4.82,-2.03,0.0,10,4820,买盘
1224,13:42:56,4.82,-2.03,0.0,25,12050,买盘
1225,13:42:50,4.82,-2.03,0.0,1,482,买盘
1226,13:42:47,4.82,-2.03,0.0,3,1446,买盘
1227,13:42:44,4.82,-2.03,0.01,7,3374,买盘
1228,13:42:41,4.81,-2.24,-0.01,88,42328,卖盘
1229,13:42:35,4.82,-2.03,0.01,4,1928,买盘
1230,13:42:32,4.81,-2.24,0.0,108,51948,卖盘
1231,13:42:26,4.81,-2.24,0.0,5,2405,卖盘
1232,13:42:23,4.81,-2.24,0.0,9,4329,卖盘
1233,13:42:20,4.81,-2.24,0.0,13,6253,卖盘
1234,13:42:14,4.81,-2.24,-0.01,17,8177,卖盘
1235,13:42:11,4.82,-2.03,0.01,54,26028,买盘
1236,13:42:02,4.81,-2.24,0.0,111,53391,卖盘
1237,13:41:59,4.81,-2.24,-0.01,5,2405,卖盘
1238,13:41:56,4.82,-2.03,0.01,13,6266,买盘
1239,13:41:50,4.81,-2.24,-0.01,10,4810,卖盘
1240,13:41:47,4.82,-2.03,0.01,4,1928,买盘
1241,13:41:44,4.81,-2.24,0.0,101,48581,卖盘
1242,13:41:38,4.81,-2.24,0.0,11,5291,卖盘
1243,13:41:35,4.81,-2.24,0.0,515,247715,买盘
1244,13:41:32,4.81,-2.24,0.0,113,54353,买盘
1245,13:41:29,4.81,-2.24,0.0,42,20202,买盘
1246,13:41:26,4.81,-2.24,0.0,343,164983,买盘
1247,13:41:23,4.81,-2.24,0.0,375,180375,卖盘
1248,13:41:20,4.81,-2.24,0.0,6,2886,卖盘
1249,13:41:17,4.81,-2.24,0.0,21,10101,卖盘
1250,13:41:14,4.81,-2.24,0.0,1,481,卖盘
1251,13:41:11,4.81,-2.24,0.0,95,45695,买盘
1252,13:41:08,4.81,-2.24,-0.01,195,93795,中性盘
1253,13:41:05,4.82,-2.03,0.02,100,48200,买盘
1254,13:41:02,4.8,-2.44,-0.01,120,57600,卖盘
1255,13:40:59,4.81,-2.24,0.0,96,46176,买盘
1256,13:40:56,4.81,-2.24,0.0,36,17316,买盘
1257,13:40:53,4.81,-2.24,0.0,25,12025,买盘
1258,13:40:50,4.81,-2.24,0.0,61,29341,买盘
1259,13:40:47,4.81,-2.24,0.0,205,98605,买盘
1260,13:40:44,4.81,-2.24,0.01,93,44733,买盘
1261,13:40:41,4.8,-2.44,-0.01,262,125760,卖盘
1262,13:40:35,4.81,-2.24,0.0,166,79846,卖盘
1263,13:40:32,4.81,-2.24,0.0,189,90909,卖盘
1264,13:40:29,4.81,-2.24,0.0,17,8177,卖盘
1265,13:40:23,4.81,-2.24,0.0,111,53391,卖盘
1266,13:40:20,4.81,-2.24,0.01,194,93314,买盘
1267,13:40:17,4.8,-2.44,-0.01,25,12000,卖盘
1268,13:40:14,4.81,-2.24,0.0,24,11544,买盘
1269,13:40:11,4.81,-2.24,0.01,146,70226,买盘
1270,13:40:08,4.8,-2.44,-0.01,254,121920,卖盘
1271,13:40:05,4.81,-2.24,0.0,95,45695,买盘
1272,13:40:02,4.81,-2.24,0.0,271,130351,买盘
1273,13:39:59,4.81,-2.24,0.01,33,15873,买盘
1274,13:39:56,4.8,-2.44,-0.01,7,3360,卖盘
1275,13:39:53,4.81,-2.24,0.0,34,16354,买盘
1276,13:39:50,4.81,-2.24,0.0,453,217893,卖盘
1277,13:39:47,4.81,-2.24,0.0,37,17797,卖盘
1278,13:39:44,4.81,-2.24,0.0,41,19721,卖盘
1279,13:39:41,4.81,-2.24,0.0,31,14911,卖盘
1280,13:39:38,4.81,-2.24,0.0,79,37999,卖盘
1281,13:39:35,4.81,-2.24,0.0,500,240500,卖盘
1282,13:39:32,4.81,-2.24,0.0,818,393458,中性盘
1283,13:39:32,4.81,-2.24,-0.01,818,393458,卖盘
1284,13:39:29,4.82,-2.03,0.0,30,14460,买盘
1285,13:39:26,4.82,-2.03,0.0,35,16870,买盘
1286,13:39:23,4.82,-2.03,0.01,1,482,买盘
1287,13:39:20,4.81,-2.24,-0.01,1000,481000,卖盘
1288,13:39:14,4.82,-2.03,0.0,32,15424,买盘
1289,13:39:11,4.82,-2.03,0.0,52,25064,买盘
1290,13:39:08,4.82,-2.03,0.01,40,19280,买盘
1291,13:39:02,4.81,-2.24,-0.01,118,56758,卖盘
1292,13:38:59,4.82,-2.03,0.0,50,24100,买盘
1293,13:38:56,4.82,-2.03,0.0,1,482,买盘
1294,13:38:53,4.82,-2.03,0.01,20,9640,买盘
1295,13:38:50,4.81,-2.24,0.0,20,9620,卖盘
1296,13:38:44,4.81,-2.24,0.0,143,68783,卖盘
1297,13:38:41,4.81,-2.24,0.0,36,17316,卖盘
1298,13:38:38,4.81,-2.24,-0.01,31,14911,卖盘
1299,13:38:35,4.82,-2.03,0.01,3,1446,买盘
1300,13:38:32,4.81,-2.24,0.0,108,51948,卖盘
1301,13:38:29,4.81,-2.24,0.0,10,4810,卖盘
1302,13:38:23,4.81,-2.24,0.0,65,31265,卖盘
1303,13:38:17,4.81,-2.24,0.0,47,22607,卖盘
1304,13:38:14,4.81,-2.24,0.0,70,33670,卖盘
1305,13:38:11,4.81,-2.24,0.0,81,38961,卖盘
1306,13:38:05,4.81,-2.24,0.0,13,6253,卖盘
1307,13:38:02,4.81,-2.24,0.0,173,83213,卖盘
1308,13:37:59,4.81,-2.24,0.0,737,354497,买盘
1309,13:37:56,4.81,-2.24,0.01,36,17316,买盘
1310,13:37:53,4.8,-2.44,-0.01,164,78720,卖盘
1311,13:37:50,4.81,-2.24,0.01,219,105339,卖盘
1312,13:37:47,4.8,-2.44,-0.01,560,268800,卖盘
1313,13:37:44,4.81,-2.24,0.01,97,46657,买盘
1314,13:37:41,4.8,-2.44,-0.01,54,25920,卖盘
1315,13:37:38,4.81,-2.24,0.0,1054,506974,买盘
1316,13:37:35,4.81,-2.24,0.0,22,10582,买盘
1317,13:37:32,4.81,-2.24,0.0,558,268398,买盘
1318,13:37:29,4.81,-2.24,0.0,473,227513,买盘
1319,13:37:26,4.81,-2.24,0.0,419,201539,买盘
1320,13:37:23,4.81,-2.24,0.0,293,140933,买盘
1321,13:37:20,4.81,-2.24,0.0,124,59644,买盘
1322,13:37:14,4.81,-2.24,0.01,97,46657,买盘
1323,13:37:11,4.8,-2.44,-0.01,699,335520,卖盘
1324,13:37:08,4.81,-2.24,0.01,1135,545935,买盘
1325,13:37:05,4.8,-2.44,0.0,1074,515520,卖盘
1326,13:37:02,4.8,-2.44,-0.01,498,239040,卖盘
1327,13:36:59,4.81,-2.24,0.0,112,53872,买盘
1328,13:36:56,4.81,-2.24,0.01,323,155363,买盘
1329,13:36:53,4.8,-2.44,-0.01,56,26880,卖盘
1330,13:36:50,4.81,-2.24,0.0,69,33189,买盘
1331,13:36:47,4.81,-2.24,0.0,112,53872,买盘
1332,13:36:44,4.81,-2.24,0.01,671,322751,买盘
1333,13:36:41,4.8,-2.44,-0.01,19,9120,卖盘
1334,13:36:38,4.81,-2.24,0.0,251,120731,买盘
1335,13:36:35,4.81,-2.24,0.01,48,23088,买盘
1336,13:36:32,4.8,-2.44,-0.01,256,122880,卖盘
1337,13:36:29,4.81,-2.24,0.0,134,64454,买盘
1338,13:36:26,4.81,-2.24,0.01,47,22607,买盘
1339,13:36:23,4.8,-2.44,-0.01,32,15360,卖盘
1340,13:36:20,4.81,-2.24,0.0,96,46176,买盘
1341,13:36:17,4.81,-2.24,0.0,176,84656,买盘
1342,13:36:14,4.81,-2.24,0.0,110,52910,买盘
1343,13:36:11,4.81,-2.24,0.0,852,409812,买盘
1344,13:36:08,4.81,-2.24,-0.01,875,420875,卖盘
1345,13:36:05,4.82,-2.03,0.01,208,100256,买盘
1346,13:36:02,4.81,-2.24,0.0,143,68783,卖盘
1347,13:35:56,4.81,-2.24,0.0,58,27898,卖盘
1348,13:35:53,4.81,-2.24,0.0,7,3367,中性盘
1349,13:35:53,4.81,-2.24,-0.01,7,3367,卖盘
1350,13:35:50,4.82,-2.03,0.01,5,2410,买盘
1351,13:35:47,4.81,-2.24,0.0,1400,673400,卖盘
1352,13:35:44,4.81,-2.24,0.0,44,21164,买盘
1353,13:35:41,4.81,-2.24,0.0,68,32708,买盘
1354,13:35:38,4.81,-2.24,0.0,34,16354,买盘
1355,13:35:35,4.81,-2.24,0.0,6003,2887443,卖盘
1356,13:35:32,4.81,-2.24,0.0,110,52910,卖盘
1357,13:35:29,4.81,-2.24,0.0,524,252044,卖盘
1358,13:35:26,4.81,-2.24,0.0,974,468494,卖盘
1359,13:35:23,4.81,-2.24,0.0,40,19240,卖盘
1360,13:35:20,4.81,-2.24,0.0,20,9620,卖盘
1361,13:35:17,4.81,-2.24,0.0,402,193362,卖盘
1362,13:35:14,4.81,-2.24,0.0,1066,512746,卖盘
1363,13:35:11,4.81,-2.24,0.0,218,104858,卖盘
1364,13:35:08,4.81,-2.24,0.0,2065,993265,卖盘
1365,13:35:05,4.81,-2.24,-0.01,80,38480,卖盘
1366,13:35:02,4.82,-2.03,0.01,119,57358,买盘
1367,13:34:59,4.81,-2.24,0.0,29,13949,卖盘
1368,13:34:56,4.81,-2.24,0.0,205,98605,卖盘
1369,13:34:53,4.81,-2.24,0.0,28,13468,卖盘
1370,13:34:50,4.81,-2.24,0.0,144,69264,卖盘
1371,13:34:47,4.81,-2.24,0.0,102,49062,卖盘
1372,13:34:44,4.81,-2.24,-0.01,9,4329,卖盘
1373,13:34:41,4.82,-2.03,0.01,3243,1563126,买盘
1374,13:34:38,4.81,-2.24,0.0,13,6253,卖盘
1375,13:34:35,4.81,-2.24,-0.01,14,6734,卖盘
1376,13:34:32,4.82,-2.03,0.01,197,94954,买盘
1377,13:34:29,4.81,-2.24,-0.01,180,86580,卖盘
1378,13:34:26,4.82,-2.03,0.0,1,482,买盘
1379,13:34:23,4.82,-2.03,0.01,333,160506,买盘
1380,13:34:20,4.81,-2.24,0.0,293,140933,卖盘
1381,13:34:17,4.81,-2.24,0.0,1546,743626,卖盘
1382,13:34:14,4.81,-2.24,-0.01,30,14430,卖盘
1383,13:34:11,4.82,-2.03,0.0,212,102184,买盘
1384,13:34:08,4.82,-2.03,0.01,163,78566,买盘
1385,13:34:05,4.81,-2.24,-0.01,910,437710,卖盘
1386,13:34:02,4.82,-2.03,0.0,237,114234,买盘
1387,13:33:59,4.82,-2.03,0.0,39,18798,买盘
1388,13:33:56,4.82,-2.03,0.0,18,8676,买盘
1389,13:33:53,4.82,-2.03,0.0,16,7712,买盘
1390,13:33:50,4.82,-2.03,0.0,80,38560,买盘
1391,13:33:47,4.82,-2.03,0.0,376,181232,卖盘
1392,13:33:44,4.82,-2.03,0.0,137,66034,卖盘
1393,13:33:41,4.82,-2.03,0.0,6,2892,卖盘
1394,13:33:38,4.82,-2.03,0.0,3,1446,卖盘
1395,13:33:34,4.82,-2.03,0.0,14,6748,卖盘
1396,13:33:32,4.82,-2.03,0.0,161,77602,卖盘
1397,13:33:29,4.82,-2.03,0.0,1516,730712,卖盘
1398,13:33:26,4.82,-2.03,-0.01,20,9640,卖盘
1399,13:33:22,4.83,-1.83,0.01,128,61824,买盘
1400,13:33:19,4.82,-2.03,0.0,402,193764,卖盘
1401,13:33:17,4.82,-2.03,-0.01,2833,1365506,卖盘
1402,13:33:11,4.83,-1.83,0.01,12,5796,买盘
1403,13:33:08,4.82,-2.03,-0.01,2,964,卖盘
1404,13:33:05,4.83,-1.83,0.01,2,966,买盘
1405,13:33:02,4.82,-2.03,0.0,159,76638,卖盘
1406,13:32:59,4.82,-2.03,0.0,11,5302,卖盘
1407,13:32:53,4.82,-2.03,0.0,2,964,卖盘
1408,13:32:50,4.82,-2.03,0.0,1000,482000,卖盘
1409,13:32:47,4.82,-2.03,0.0,55,26510,卖盘
1410,13:32:44,4.82,-2.03,0.0,10,4820,卖盘
1411,13:32:40,4.82,-2.03,0.0,1,482,卖盘
1412,13:32:35,4.82,-2.03,0.0,606,292092,卖盘
1413,13:32:31,4.82,-2.03,0.0,172,82904,卖盘
1414,13:32:28,4.82,-2.03,-0.01,80,38560,卖盘
1415,13:32:25,4.83,-1.83,0.0,4,1932,买盘
1416,13:32:22,4.83,-1.83,0.0,133,64239,买盘
1417,13:32:20,4.83,-1.83,0.01,5,2415,买盘
1418,13:32:16,4.82,-2.03,0.0,11,5302,卖盘
1419,13:32:13,4.82,-2.03,0.0,2,964,中性盘
1420,13:32:13,4.82,-2.03,0.0,2,964,卖盘
1421,13:32:10,4.82,-2.03,-0.01,82,39524,卖盘
1422,13:32:07,4.83,-1.83,0.01,70,33810,买盘
1423,13:32:04,4.82,-2.03,0.0,94,45308,卖盘
1424,13:32:01,4.82,-2.03,0.0,134,64588,卖盘
1425,13:31:58,4.82,-2.03,0.0,1,482,卖盘
1426,13:31:55,4.82,-2.03,-0.01,205,98810,卖盘
1427,13:31:53,4.83,-1.83,0.01,64,30912,买盘
1428,13:31:49,4.82,-2.03,-0.01,100,48200,卖盘
1429,13:31:43,4.83,-1.83,0.0,10,4830,买盘
1430,13:31:40,4.83,-1.83,0.0,20,9660,买盘
1431,13:31:34,4.83,-1.83,0.0,113,54579,买盘
1432,13:31:25,4.83,-1.83,0.0,20,9660,买盘
1433,13:31:19,4.83,-1.83,0.01,11,5313,买盘
1434,13:31:13,4.82,-2.03,0.0,93,44826,卖盘
1435,13:31:10,4.82,-2.03,0.0,78,37596,卖盘
1436,13:31:07,4.82,-2.03,0.0,100,48200,卖盘
1437,13:31:04,4.82,-2.03,0.0,109,52538,卖盘
1438,13:31:01,4.82,-2.03,0.0,29,13978,卖盘
1439,13:30:58,4.82,-2.03,0.0,83,40006,卖盘
1440,13:30:52,4.82,-2.03,0.0,2,964,卖盘
1441,13:30:46,4.82,-2.03,0.0,50,24100,卖盘
1442,13:30:43,4.82,-2.03,-0.01,102,49164,卖盘
1443,13:30:40,4.83,-1.83,0.0,61,29463,卖盘
1444,13:30:37,4.83,-1.83,0.0,15,7245,卖盘
1445,13:30:34,4.83,-1.83,0.0,113,54579,卖盘
1446,13:30:31,4.83,-1.83,0.0,225,108675,买盘
1447,13:30:28,4.83,-1.83,0.0,10,4830,买盘
1448,13:30:22,4.83,-1.83,0.0,7,3381,买盘
1449,13:30:19,4.83,-1.83,0.0,5,2415,买盘
1450,13:30:13,4.83,-1.83,0.01,4,1932,买盘
1451,13:30:10,4.82,-2.03,0.0,103,49646,卖盘
1452,13:30:07,4.82,-2.03,-0.01,19,9158,卖盘
1453,13:30:04,4.83,-1.83,0.0,206,99498,买盘
1454,13:30:01,4.83,-1.83,0.0,1383,667989,卖盘
1455,13:29:58,4.83,-1.83,0.0,9,4347,卖盘
1456,13:29:55,4.83,-1.83,0.0,82,39606,卖盘
1457,13:29:49,4.83,-1.83,0.0,1085,524055,卖盘
1458,13:29:46,4.83,-1.83,0.0,1007,486381,卖盘
1459,13:29:43,4.83,-1.83,0.0,80,38640,卖盘
1460,13:29:40,4.83,-1.83,-0.01,1151,555933,卖盘
1461,13:29:37,4.84,-1.63,0.01,181,87604,买盘
1462,13:29:34,4.83,-1.83,0.0,154,74382,卖盘
1463,13:29:31,4.83,-1.83,0.0,67,32361,卖盘
1464,13:29:28,4.83,-1.83,0.0,4263,2059029,卖盘
1465,13:29:25,4.83,-1.83,-0.01,16,7728,卖盘
1466,13:29:19,4.84,-1.63,0.0,2,968,买盘
1467,13:29:16,4.84,-1.63,0.0,10,4840,买盘
1468,13:29:13,4.84,-1.63,0.0,2,968,买盘
1469,13:29:10,4.84,-1.63,0.0,2,968,买盘
1470,13:29:07,4.84,-1.63,0.01,10,4840,买盘
1471,13:29:04,4.83,-1.83,0.0,298,143934,卖盘
1472,13:29:01,4.83,-1.83,-0.01,47,22701,卖盘
1473,13:28:55,4.84,-1.63,0.01,30,14520,买盘
1474,13:28:52,4.83,-1.83,0.0,2,966,卖盘
1475,13:28:40,4.83,-1.83,-0.01,1880,908040,卖盘
1476,13:28:37,4.84,-1.63,0.01,4,1936,买盘
1477,13:28:34,4.83,-1.83,0.0,188,90804,中性盘
1478,13:28:34,4.83,-1.83,-0.01,188,90804,卖盘
1479,13:28:28,4.84,-1.63,0.0,166,80344,买盘
1480,13:28:25,4.84,-1.63,0.0,4,1936,买盘
1481,13:28:22,4.84,-1.63,0.01,3,1452,买盘
1482,13:28:19,4.83,-1.83,-0.01,1,483,卖盘
1483,13:28:16,4.84,-1.63,0.01,4,1936,买盘
1484,13:28:13,4.83,-1.83,-0.01,132,63756,卖盘
1485,13:28:10,4.84,-1.63,0.01,240,116160,买盘
1486,13:28:07,4.83,-1.83,0.0,11,5313,卖盘
1487,13:28:04,4.83,-1.83,0.0,121,58443,卖盘
1488,13:28:01,4.83,-1.83,0.0,1,483,卖盘
1489,13:27:58,4.83,-1.83,0.0,15,7245,卖盘
1490,13:27:55,4.83,-1.83,0.0,15,7245,卖盘
1491,13:27:48,4.83,-1.83,0.0,1,483,卖盘
1492,13:27:39,4.83,-1.83,-0.01,1,483,卖盘
1493,13:27:37,4.84,-1.63,0.0,310,150040,买盘
1494,13:27:34,4.84,-1.63,0.0,1669,807796,买盘
1495,13:27:31,4.84,-1.63,0.01,1,484,买盘
1496,13:27:28,4.83,-1.83,-0.01,51,24633,卖盘
1497,13:27:24,4.84,-1.63,0.01,42,20328,买盘
1498,13:27:22,4.83,-1.83,-0.01,36,17388,卖盘
1499,13:27:19,4.84,-1.63,0.01,45,21780,买盘
1500,13:27:16,4.83,-1.83,-0.01,47,22701,卖盘
1501,13:27:13,4.84,-1.63,0.01,108,52272,买盘
1502,13:27:09,4.83,-1.83,-0.01,645,311535,卖盘
1503,13:27:06,4.84,-1.63,0.0,38,18392,买盘
1504,13:27:03,4.84,-1.63,0.01,439,212476,买盘
1505,13:27:00,4.83,-1.83,0.0,1,483,卖盘
1506,13:26:57,4.83,-1.83,0.0,3,1449,卖盘
1507,13:26:54,4.83,-1.83,-0.01,14,6762,卖盘
1508,13:26:51,4.84,-1.63,0.01,47,22748,买盘
1509,13:26:48,4.83,-1.83,-0.01,54,26082,卖盘
1510,13:26:45,4.84,-1.63,0.01,37,17908,买盘
1511,13:26:42,4.83,-1.83,-0.01,101,48783,卖盘
1512,13:26:36,4.84,-1.63,0.01,21,10164,买盘
1513,13:26:33,4.83,-1.83,-0.01,109,52647,卖盘
1514,13:26:30,4.84,-1.63,0.01,47,22748,买盘
1515,13:26:27,4.83,-1.83,0.0,18,8694,卖盘
1516,13:26:24,4.83,-1.83,-0.01,1590,767970,卖盘
1517,13:26:18,4.84,-1.63,0.01,71,34364,买盘
1518,13:26:12,4.83,-1.83,0.0,1,483,卖盘
1519,13:26:09,4.83,-1.83,-0.01,1012,488796,卖盘
1520,13:26:06,4.84,-1.63,0.01,12,5808,买盘
1521,13:26:03,4.83,-1.83,0.0,749,361767,卖盘
1522,13:26:00,4.83,-1.83,0.0,20,9660,卖盘
1523,13:25:57,4.83,-1.83,-0.01,1243,600369,卖盘
1524,13:25:54,4.84,-1.63,0.0,8,3872,买盘
1525,13:25:51,4.84,-1.63,0.0,5,2420,买盘
1526,13:25:48,4.84,-1.63,0.01,49,23716,买盘
1527,13:25:42,4.83,-1.83,-0.01,9,4347,卖盘
1528,13:25:39,4.84,-1.63,0.0,4,1936,买盘
1529,13:25:36,4.84,-1.63,0.01,186,90024,买盘
1530,13:25:33,4.83,-1.83,0.0,108,52164,卖盘
1531,13:25:30,4.83,-1.83,-0.01,31,14973,卖盘
1532,13:25:27,4.84,-1.63,0.01,63,30492,买盘
1533,13:25:24,4.83,-1.83,-0.01,1,483,卖盘
1534,13:25:21,4.84,-1.63,0.01,15,7260,买盘
1535,13:25:18,4.83,-1.83,-0.01,1,483,卖盘
1536,13:25:15,4.84,-1.63,0.01,10,4840,买盘
1537,13:25:12,4.83,-1.83,-0.01,1,483,卖盘
1538,13:25:09,4.84,-1.63,0.0,34,16456,买盘
1539,13:25:06,4.84,-1.63,0.0,9,4356,买盘
1540,13:25:03,4.84,-1.63,0.0,187,90508,买盘
1541,13:25:00,4.84,-1.63,0.0,50,24200,买盘
1542,13:24:57,4.84,-1.63,0.0,1,484,买盘
1543,13:24:51,4.84,-1.63,0.0,38,18392,中性盘
1544,13:24:51,4.84,-1.63,0.0,38,18392,买盘
1545,13:24:45,4.84,-1.63,0.0,230,111320,卖盘
1546,13:24:42,4.84,-1.63,0.01,10,4840,卖盘
1547,13:24:33,4.83,-1.83,0.0,109,52647,卖盘
1548,13:24:30,4.83,-1.83,-0.01,3,1449,卖盘
1549,13:24:24,4.84,-1.63,0.0,268,129712,买盘
1550,13:24:21,4.84,-1.63,0.0,2,968,买盘
1551,13:24:18,4.84,-1.63,0.0,10,4840,买盘
1552,13:24:15,4.84,-1.63,0.0,39,18876,买盘
1553,13:24:11,4.84,-1.63,0.0,52,25168,买盘
1554,13:24:06,4.84,-1.63,0.0,645,312180,卖盘
1555,13:24:03,4.84,-1.63,0.0,109,52756,卖盘
1556,13:24:00,4.84,-1.63,0.0,291,140844,卖盘
1557,13:23:57,4.84,-1.63,0.0,12,5808,卖盘
1558,13:23:54,4.84,-1.63,0.0,16,7744,卖盘
1559,13:23:48,4.84,-1.63,-0.01,21,10164,卖盘
1560,13:23:41,4.85,-1.42,0.01,10,4850,买盘
1561,13:23:38,4.84,-1.63,0.0,10,4840,买盘
1562,13:23:35,4.84,-1.63,0.01,10,4840,买盘
1563,13:23:32,4.83,-1.83,-0.01,209,100947,卖盘
1564,13:23:29,4.84,-1.63,0.0,4,1936,卖盘
1565,13:23:26,4.84,-1.63,0.0,6,2904,卖盘
1566,13:23:23,4.84,-1.63,0.0,32,15488,卖盘
1567,13:23:20,4.84,-1.63,0.0,10,4840,卖盘
1568,13:23:17,4.84,-1.63,0.0,2,968,卖盘
1569,13:23:14,4.84,-1.63,0.01,316,152944,买盘
1570,13:23:11,4.83,-1.83,-0.01,4,1932,卖盘
1571,13:23:08,4.84,-1.63,0.0,6,2904,买盘
1572,13:23:05,4.84,-1.63,0.01,2,968,买盘
1573,13:23:02,4.83,-1.83,0.0,1188,573804,卖盘
1574,13:22:59,4.83,-1.83,-0.01,65,31395,卖盘
1575,13:22:53,4.84,-1.63,0.0,10,4840,买盘
1576,13:22:50,4.84,-1.63,0.0,27,13068,买盘
1577,13:22:47,4.84,-1.63,0.0,10,4840,买盘
1578,13:22:41,4.84,-1.63,0.0,1,484,买盘
1579,13:22:38,4.84,-1.63,0.0,2,968,买盘
1580,13:22:32,4.84,-1.63,0.0,119,57596,买盘
1581,13:22:29,4.84,-1.63,0.0,197,95348,买盘
1582,13:22:26,4.84,-1.63,0.01,5,2420,买盘
1583,13:22:23,4.83,-1.83,0.0,6,2898,卖盘
1584,13:22:20,4.83,-1.83,-0.01,3,1449,卖盘
1585,13:22:17,4.84,-1.63,0.0,81,39204,买盘
1586,13:22:11,4.84,-1.63,0.0,20,9680,买盘
1587,13:22:08,4.84,-1.63,0.01,2,968,买盘
1588,13:22:02,4.83,-1.83,0.0,110,53130,卖盘
1589,13:21:53,4.83,-1.83,0.0,4,1932,卖盘
1590,13:21:50,4.83,-1.83,0.0,16,7728,卖盘
1591,13:21:41,4.83,-1.83,0.0,10,4830,卖盘
1592,13:21:38,4.83,-1.83,-0.01,7,3381,卖盘
1593,13:21:35,4.84,-1.63,0.01,60,29040,买盘
1594,13:21:32,4.83,-1.83,0.0,109,52647,卖盘
1595,13:21:29,4.83,-1.83,-0.01,8,3864,卖盘
1596,13:21:26,4.84,-1.63,0.01,7,3388,买盘
1597,13:21:20,4.83,-1.83,0.0,27,13041,卖盘
1598,13:21:17,4.83,-1.83,-0.01,18,8694,卖盘
1599,13:21:11,4.84,-1.63,-0.01,107,51788,中性盘
1600,13:21:11,4.84,-1.63,0.0,107,51788,买盘
1601,13:21:05,4.84,-1.63,0.01,6,2904,买盘
1602,13:21:02,4.83,-1.83,-0.01,404,195132,卖盘
1603,13:20:59,4.84,-1.63,0.0,2,968,买盘
1604,13:20:56,4.84,-1.63,-0.01,18,8712,卖盘
1605,13:20:53,4.85,-1.42,0.01,58,28130,买盘
1606,13:20:50,4.84,-1.63,0.0,6,2904,卖盘
1607,13:20:47,4.84,-1.63,0.0,4,1936,卖盘
1608,13:20:44,4.84,-1.63,-0.01,226,109384,卖盘
1609,13:20:38,4.85,-1.42,0.01,50,24250,买盘
1610,13:20:35,4.84,-1.63,0.0,13,6292,卖盘
1611,13:20:32,4.84,-1.63,0.0,142,68728,卖盘
1612,13:20:17,4.84,-1.63,0.0,56,27104,卖盘
1613,13:20:11,4.84,-1.63,0.0,255,123420,卖盘
1614,13:20:08,4.84,-1.63,0.01,916,443344,买盘
1615,13:20:05,4.83,-1.83,0.0,34,16422,卖盘
1616,13:20:02,4.83,-1.83,0.0,109,52647,卖盘
1617,13:19:56,4.83,-1.83,-0.01,30,14490,卖盘
1618,13:19:53,4.84,-1.63,0.0,22,10648,买盘
1619,13:19:50,4.84,-1.63,0.0,3,1452,买盘
1620,13:19:47,4.84,-1.63,0.0,76,36784,买盘
1621,13:19:44,4.84,-1.63,0.0,10,4840,买盘
1622,13:19:41,4.84,-1.63,0.01,15,7260,买盘
1623,13:19:32,4.83,-1.83,0.0,121,58443,卖盘
1624,13:19:29,4.83,-1.83,0.0,36,17388,卖盘
1625,13:19:23,4.83,-1.83,-0.01,38,18354,卖盘
1626,13:19:20,4.84,-1.63,0.0,2,968,买盘
1627,13:19:17,4.84,-1.63,0.0,30,14520,买盘
1628,13:19:14,4.84,-1.63,0.0,282,136488,卖盘
1629,13:19:11,4.84,-1.63,-0.01,6,2904,卖盘
1630,13:19:08,4.85,-1.42,0.0,0,0,买盘
1631,13:19:05,4.85,-1.42,0.02,2,970,买盘
1632,13:19:02,4.83,-1.83,0.0,109,52647,卖盘
1633,13:18:59,4.83,-1.83,-0.02,20,9660,卖盘
1634,13:18:53,4.85,-1.42,0.0,1,485,买盘
1635,13:18:50,4.85,-1.42,0.0,2,970,买盘
1636,13:18:44,4.85,-1.42,0.02,100,48500,买盘
1637,13:18:32,4.83,-1.83,-0.01,116,56028,卖盘
1638,13:18:29,4.84,-1.63,0.0,14,6776,卖盘
1639,13:18:26,4.84,-1.63,0.0,10,4840,卖盘
1640,13:18:23,4.84,-1.63,-0.01,4,1936,卖盘
1641,13:18:20,4.85,-1.42,0.01,5,2425,买盘
1642,13:18:14,4.84,-1.63,0.0,13,6292,卖盘
1643,13:18:11,4.84,-1.63,0.0,43,20812,卖盘
1644,13:18:08,4.84,-1.63,-0.01,32,15488,卖盘
1645,13:18:05,4.85,-1.42,0.01,32,15520,买盘
1646,13:18:02,4.84,-1.63,0.0,151,73084,卖盘
1647,13:17:56,4.84,-1.63,0.0,9,4356,卖盘
1648,13:17:53,4.84,-1.63,0.0,34,16456,卖盘
1649,13:17:50,4.84,-1.63,0.0,27,13068,卖盘
1650,13:17:47,4.84,-1.63,0.0,201,97284,卖盘
1651,13:17:44,4.84,-1.63,0.0,282,136488,卖盘
1652,13:17:38,4.84,-1.63,0.0,75,36300,卖盘
1653,13:17:32,4.84,-1.63,0.0,190,91960,中性盘
1654,13:17:32,4.84,-1.63,0.0,190,91960,卖盘
1655,13:17:29,4.84,-1.63,-0.01,10,4840,卖盘
1656,13:17:23,4.85,-1.42,0.01,98,47530,买盘
1657,13:17:17,4.84,-1.63,0.0,1,484,卖盘
1658,13:17:08,4.84,-1.63,0.0,25,12100,卖盘
1659,13:17:05,4.84,-1.63,0.0,1100,532400,卖盘
1660,13:17:02,4.84,-1.63,0.0,122,59048,卖盘
1661,13:16:59,4.84,-1.63,0.0,3,1452,卖盘
1662,13:16:56,4.84,-1.63,0.0,78,37752,卖盘
1663,13:16:53,4.84,-1.63,0.0,50,24200,卖盘
1664,13:16:50,4.84,-1.63,0.0,2,968,卖盘
1665,13:16:47,4.84,-1.63,-0.01,2,968,卖盘
1666,13:16:44,4.85,-1.42,0.01,12,5820,买盘
1667,13:16:41,4.84,-1.63,0.0,1,484,卖盘
1668,13:16:38,4.84,-1.63,0.0,2,968,卖盘
1669,13:16:35,4.84,-1.63,-0.01,14,6776,卖盘
1670,13:16:32,4.85,-1.42,0.01,117,56745,买盘
1671,13:16:29,4.84,-1.63,0.0,3,1452,卖盘
1672,13:16:26,4.84,-1.63,0.0,1,484,卖盘
1673,13:16:23,4.84,-1.63,0.0,17,8228,卖盘
1674,13:16:20,4.84,-1.63,0.0,1,484,卖盘
1675,13:16:17,4.84,-1.63,0.0,6,2904,卖盘
1676,13:16:14,4.84,-1.63,0.0,2,968,卖盘
1677,13:16:11,4.84,-1.63,0.0,47,22748,卖盘
1678,13:16:08,4.84,-1.63,0.0,7,3388,卖盘
1679,13:16:05,4.84,-1.63,0.0,50,24200,买盘
1680,13:16:02,4.84,-1.63,0.0,575,278300,卖盘
1681,13:15:59,4.84,-1.63,0.0,3,1452,卖盘
1682,13:15:56,4.84,-1.63,0.0,52,25168,卖盘
1683,13:15:53,4.84,-1.63,0.0,2,968,卖盘
1684,13:15:50,4.84,-1.63,0.0,1,484,卖盘
1685,13:15:47,4.84,-1.63,0.0,49,23716,卖盘
1686,13:15:44,4.84,-1.63,0.0,2,968,卖盘
1687,13:15:41,4.84,-1.63,0.0,2,968,卖盘
1688,13:15:38,4.84,-1.63,0.0,7,3388,卖盘
1689,13:15:35,4.84,-1.63,0.0,76,36784,卖盘
1690,13:15:32,4.84,-1.63,0.0,112,54208,卖盘
1691,13:15:29,4.84,-1.63,0.0,13,6292,卖盘
1692,13:15:26,4.84,-1.63,0.0,3,1452,卖盘
1693,13:15:23,4.84,-1.63,0.0,1,484,卖盘
1694,13:15:20,4.84,-1.63,0.0,3,1452,卖盘
1695,13:15:17,4.84,-1.63,0.0,1,484,卖盘
1696,13:15:14,4.84,-1.63,0.0,1,484,卖盘
1697,13:15:11,4.84,-1.63,-0.01,3,1452,卖盘
1698,13:15:08,4.85,-1.42,0.01,4034,1956490,买盘
1699,13:15:05,4.84,-1.63,-0.01,6,2904,卖盘
1700,13:15:02,4.85,-1.42,0.01,134,64990,买盘
1701,13:14:59,4.84,-1.63,0.0,1,484,卖盘
1702,13:14:56,4.84,-1.63,0.0,3,1452,卖盘
1703,13:14:53,4.84,-1.63,0.0,1,484,卖盘
1704,13:14:50,4.84,-1.63,0.0,14,6776,卖盘
1705,13:14:47,4.84,-1.63,0.0,2,968,卖盘
1706,13:14:44,4.84,-1.63,0.0,2,968,卖盘
1707,13:14:41,4.84,-1.63,0.01,230,111320,买盘
1708,13:14:38,4.83,-1.83,0.0,38,18354,卖盘
1709,13:14:35,4.83,-1.83,0.0,302,145866,卖盘
1710,13:14:32,4.83,-1.83,0.0,133,64239,卖盘
1711,13:14:29,4.83,-1.83,0.0,23,11109,卖盘
1712,13:14:26,4.83,-1.83,-0.01,4,1932,卖盘
1713,13:14:23,4.84,-1.63,0.01,34,16456,买盘
1714,13:14:20,4.83,-1.83,0.0,3,1449,卖盘
1715,13:14:17,4.83,-1.83,0.0,1,483,卖盘
1716,13:14:14,4.83,-1.83,0.0,3,1449,卖盘
1717,13:14:11,4.83,-1.83,-0.01,12,5796,卖盘
1718,13:14:08,4.84,-1.63,0.0,3,1452,卖盘
1719,13:14:05,4.84,-1.63,0.01,13,6292,中性盘
1720,13:14:02,4.83,-1.83,-0.01,111,53613,卖盘
1721,13:13:59,4.84,-1.63,0.0,3,1452,卖盘
1722,13:13:56,4.84,-1.63,0.0,15,7260,中性盘
1723,13:13:56,4.84,-1.63,0.0,15,7260,卖盘
1724,13:13:53,4.84,-1.63,0.0,2010,972840,卖盘
1725,13:13:50,4.84,-1.63,0.0,11,5324,卖盘
1726,13:13:47,4.84,-1.63,0.0,3,1452,卖盘
1727,13:13:44,4.84,-1.63,0.0,150,72600,卖盘
1728,13:13:35,4.84,-1.63,0.0,20,9680,卖盘
1729,13:13:32,4.84,-1.63,0.0,109,52756,卖盘
1730,13:13:29,4.84,-1.63,0.0,2740,1326160,卖盘
1731,13:13:17,4.84,-1.63,0.0,7,3388,卖盘
1732,13:13:08,4.84,-1.63,0.0,51,24684,买盘
1733,13:13:05,4.84,-1.63,0.0,2,968,买盘
1734,13:13:02,4.84,-1.63,0.0,129,62436,买盘
1735,13:12:59,4.84,-1.63,0.0,1,484,买盘
1736,13:12:53,4.84,-1.63,0.0,1,484,买盘
1737,13:12:50,4.84,-1.63,0.0,24,11616,买盘
1738,13:12:47,4.84,-1.63,0.0,27,13068,买盘
1739,13:12:44,4.84,-1.63,0.0,0,0,中性盘
1740,13:12:40,4.84,-1.63,0.0,10,4840,买盘
1741,13:12:38,4.84,-1.63,0.01,20,9680,卖盘
1742,13:12:35,4.83,-1.83,0.0,0,0,卖盘
1743,13:12:32,4.83,-1.83,-0.01,184,88872,卖盘
1744,13:12:26,4.84,-1.63,-0.01,87,42108,卖盘
1745,13:12:22,4.85,-1.42,0.0,1,485,买盘
1746,13:12:20,4.85,-1.42,0.0,63,30555,买盘
1747,13:12:16,4.85,-1.42,0.0,1,485,买盘
1748,13:12:01,4.85,-1.42,0.01,111,53835,买盘
1749,13:11:53,4.84,-1.63,0.0,9,4356,卖盘
1750,13:11:50,4.84,-1.63,0.0,23,11132,卖盘
1751,13:11:47,4.84,-1.63,0.01,3,1452,中性盘
1752,13:11:43,4.83,-1.83,-0.01,188,90804,卖盘
1753,13:11:38,4.84,-1.63,0.01,31,15004,中性盘
1754,13:11:31,4.83,-1.83,-0.02,109,52647,卖盘
1755,13:11:29,4.85,-1.42,0.0,0,0,买盘
1756,13:11:22,4.85,-1.42,0.02,146,70810,买盘
1757,13:11:16,4.83,-1.83,-0.01,1,483,卖盘
1758,13:11:13,4.84,-1.63,-0.01,4,1936,卖盘
1759,13:11:04,4.85,-1.42,0.02,16,7760,买盘
1760,13:11:01,4.83,-1.83,-0.02,109,52647,卖盘
1761,13:10:58,4.85,-1.42,0.01,27,13095,买盘
1762,13:10:55,4.84,-1.63,0.0,64,30976,买盘
1763,13:10:53,4.84,-1.63,0.0,54,26136,卖盘
1764,13:10:49,4.84,-1.63,0.0,8,3872,卖盘
1765,13:10:46,4.84,-1.63,0.0,2,968,卖盘
1766,13:10:37,4.84,-1.63,0.0,17,8228,卖盘
1767,13:10:34,4.84,-1.63,0.0,22,10648,卖盘
1768,13:10:31,4.84,-1.63,0.01,537,259908,买盘
1769,13:10:25,4.83,-1.83,0.0,292,141036,卖盘
1770,13:10:22,4.83,-1.83,-0.01,1,483,卖盘
1771,13:10:19,4.84,-1.63,0.0,189,91476,买盘
1772,13:10:16,4.84,-1.63,0.0,30,14520,中性盘
1773,13:10:16,4.84,-1.63,0.01,30,14520,买盘
1774,13:10:13,4.83,-1.83,-0.01,2,966,卖盘
1775,13:10:10,4.84,-1.63,0.0,8,3872,买盘
1776,13:10:07,4.84,-1.63,0.0,24,11616,买盘
1777,13:10:04,4.84,-1.63,0.0,71,34364,卖盘
1778,13:10:01,4.84,-1.63,0.0,363,175692,卖盘
1779,13:09:55,4.84,-1.63,0.0,2,968,卖盘
1780,13:09:52,4.84,-1.63,0.0,238,115192,买盘
1781,13:09:46,4.84,-1.63,-0.01,33,15972,卖盘
1782,13:09:40,4.85,-1.42,0.01,35,16975,买盘
1783,13:09:37,4.84,-1.63,0.0,446,215864,卖盘
1784,13:09:34,4.84,-1.63,-0.01,109,52756,卖盘
1785,13:09:25,4.85,-1.42,0.0,77,37345,买盘
1786,13:09:22,4.85,-1.42,0.01,316,153260,买盘
1787,13:09:19,4.84,-1.63,-0.01,7,3388,卖盘
1788,13:09:16,4.85,-1.42,0.0,41,19885,买盘
1789,13:09:13,4.85,-1.42,0.0,50,24250,买盘
1790,13:09:10,4.85,-1.42,0.01,10,4850,买盘
1791,13:09:07,4.84,-1.63,-0.01,3,1452,卖盘
1792,13:09:04,4.85,-1.42,0.0,151,73235,买盘
1793,13:09:01,4.85,-1.42,0.01,612,296820,买盘
1794,13:08:55,4.84,-1.63,-0.01,16,7744,卖盘
1795,13:08:52,4.85,-1.42,0.0,28,13580,买盘
1796,13:08:46,4.85,-1.42,0.0,10,4850,买盘
1797,13:08:43,4.85,-1.42,0.01,32,15520,买盘
1798,13:08:34,4.84,-1.63,0.0,111,53724,卖盘
1799,13:08:22,4.84,-1.63,0.0,34,16456,卖盘
1800,13:08:19,4.84,-1.63,0.0,4,1936,卖盘
1801,13:08:16,4.84,-1.63,0.0,56,27104,卖盘
1802,13:08:13,4.84,-1.63,-0.01,1046,506264,卖盘
1803,13:08:07,4.85,-1.42,0.0,2,970,买盘
1804,13:08:04,4.85,-1.42,0.01,238,115430,买盘
1805,13:08:01,4.84,-1.63,0.0,1,484,卖盘
1806,13:07:58,4.84,-1.63,0.0,7,3388,卖盘
1807,13:07:52,4.84,-1.63,0.0,5,2420,卖盘
1808,13:07:40,4.84,-1.63,0.0,5,2420,卖盘
1809,13:07:37,4.84,-1.63,0.0,283,136972,卖盘
1810,13:07:34,4.84,-1.63,-0.01,109,52756,卖盘
1811,13:07:28,4.85,-1.42,0.01,10,4850,买盘
1812,13:07:10,4.84,-1.63,-0.01,969,468996,卖盘
1813,13:07:04,4.85,-1.42,0.0,604,292940,买盘
1814,13:07:01,4.85,-1.42,0.01,1,485,买盘
1815,13:06:55,4.84,-1.63,-0.01,5,2420,卖盘
1816,13:06:52,4.85,-1.42,0.0,12,5820,买盘
1817,13:06:49,4.85,-1.42,0.01,31,15035,买盘
1818,13:06:46,4.84,-1.63,-0.01,191,92444,卖盘
1819,13:06:42,4.85,-1.42,0.0,118,57230,买盘
1820,13:06:40,4.85,-1.42,0.01,8,3880,买盘
1821,13:06:37,4.84,-1.63,0.0,21,10164,中性盘
1822,13:06:37,4.84,-1.63,0.0,21,10164,卖盘
1823,13:06:34,4.84,-1.63,-0.01,109,52756,卖盘
1824,13:06:31,4.85,-1.42,0.0,1,485,买盘
1825,13:06:28,4.85,-1.42,0.0,114,55290,买盘
1826,13:06:19,4.85,-1.42,0.0,58,28130,买盘
1827,13:06:16,4.85,-1.42,0.01,37,17945,买盘
1828,13:06:13,4.84,-1.63,-0.01,263,127292,卖盘
1829,13:06:09,4.85,-1.42,0.01,20,9700,买盘
1830,13:06:06,4.84,-1.63,0.0,37,17908,卖盘
1831,13:06:03,4.84,-1.63,-0.01,167,80828,卖盘
1832,13:06:00,4.85,-1.42,0.01,2,970,买盘
1833,13:05:51,4.84,-1.63,0.0,2,968,卖盘
1834,13:05:33,4.84,-1.63,-0.01,108,52272,卖盘
1835,13:05:30,4.85,-1.42,0.01,20,9700,买盘
1836,13:05:27,4.84,-1.63,0.0,101,48884,卖盘
1837,13:05:18,4.84,-1.63,-0.01,6,2904,卖盘
1838,13:05:15,4.85,-1.42,0.0,52,25220,卖盘
1839,13:05:06,4.85,-1.42,-0.01,9,4365,卖盘
1840,13:05:03,4.86,-1.22,0.01,111,53946,买盘
1841,13:05:00,4.85,-1.42,0.0,2,970,卖盘
1842,13:04:48,4.85,-1.42,0.0,7,3395,卖盘
1843,13:04:45,4.85,-1.42,-0.01,30,14550,卖盘
1844,13:04:42,4.86,-1.22,0.01,10,4860,买盘
1845,13:04:39,4.85,-1.42,-0.01,1,485,卖盘
1846,13:04:36,4.86,-1.22,0.01,77,37422,买盘
1847,13:04:33,4.85,-1.42,0.0,663,321555,卖盘
1848,13:04:27,4.85,-1.42,-0.01,2,970,卖盘
1849,13:04:24,4.86,-1.22,0.01,38,18468,买盘
1850,13:04:15,4.85,-1.42,-0.01,3,1455,卖盘
1851,13:04:12,4.86,-1.22,0.0,3,1458,买盘
1852,13:04:03,4.86,-1.22,0.0,115,55890,买盘
1853,13:04:00,4.86,-1.22,0.0,4,1944,买盘
1854,13:03:57,4.86,-1.22,0.0,50,24300,买盘
1855,13:03:54,4.86,-1.22,0.01,202,98172,买盘
1856,13:03:45,4.85,-1.42,-0.01,8,3880,卖盘
1857,13:03:42,4.86,-1.22,0.01,7,3402,买盘
1858,13:03:33,4.85,-1.42,-0.01,109,52865,卖盘
1859,13:03:24,4.86,-1.22,0.01,10,4860,买盘
1860,13:03:18,4.85,-1.42,0.01,2,970,卖盘
1861,13:03:15,4.84,-1.63,-0.01,776,375584,卖盘
1862,13:03:12,4.85,-1.42,0.0,46,22310,买盘
1863,13:03:06,4.85,-1.42,0.0,52,25220,买盘
1864,13:03:03,4.85,-1.42,0.0,112,54320,买盘
1865,13:03:00,4.85,-1.42,0.0,37,17945,买盘
1866,13:03:00,4.85,-1.42,0.0,37,17945,中性盘
1867,13:03:00,4.85,-1.42,0.0,37,17945,买盘
1868,13:02:57,4.85,-1.42,0.0,3,1455,买盘
1869,13:02:51,4.85,-1.42,-0.01,14,6790,买盘
1870,13:02:47,4.86,-1.22,0.01,1243,604098,买盘
1871,13:02:36,4.85,-1.42,0.0,134,64990,卖盘
1872,13:02:33,4.85,-1.42,-0.01,116,56260,卖盘
1873,13:02:29,4.86,-1.22,0.01,13,6318,买盘
1874,13:02:27,4.85,-1.42,0.0,11,5335,卖盘
1875,13:02:17,4.85,-1.42,-0.01,2,970,卖盘
1876,13:02:08,4.86,-1.22,0.0,23,11178,买盘
1877,13:02:02,4.86,-1.22,0.01,111,53946,买盘
1878,13:01:59,4.85,-1.42,-0.01,2,970,卖盘
1879,13:01:53,4.86,-1.22,0.0,77,37422,买盘
1880,13:01:49,4.86,-1.22,0.0,41,19926,买盘
1881,13:01:44,4.86,-1.22,0.0,4,1944,买盘
1882,13:01:41,4.86,-1.22,0.0,28,13608,买盘
1883,13:01:34,4.86,-1.22,0.01,256,124416,买盘
1884,13:01:32,4.85,-1.42,0.0,150,72750,卖盘
1885,13:01:23,4.85,-1.42,-0.01,21,10185,卖盘
1886,13:01:20,4.86,-1.22,0.0,20,9720,买盘
1887,13:01:17,4.86,-1.22,0.01,15,7290,买盘
1888,13:01:14,4.85,-1.42,0.0,40,19400,卖盘
1889,13:01:08,4.85,-1.42,0.0,35,16975,卖盘
1890,13:01:05,4.85,-1.42,0.0,207,100395,卖盘
1891,13:01:02,4.85,-1.42,-0.01,109,52865,卖盘
1892,13:00:59,4.86,-1.22,0.0,84,40824,买盘
1893,13:00:56,4.86,-1.22,0.0,6,2916,买盘
1894,13:00:53,4.86,-1.22,0.01,24,11664,买盘
1895,13:00:50,4.85,-1.42,0.0,43,20855,卖盘
1896,13:00:44,4.85,-1.42,-0.01,13,6305,卖盘
1897,13:00:41,4.86,-1.22,0.0,50,24300,买盘
1898,13:00:35,4.86,-1.22,0.01,40,19440,买盘
1899,13:00:32,4.85,-1.42,-0.01,109,52865,卖盘
1900,13:00:28,4.86,-1.22,0.0,110,53460,买盘
1901,13:00:26,4.86,-1.22,0.0,42,20412,买盘
1902,13:00:23,4.86,-1.22,0.0,5,2430,买盘
1903,13:00:20,4.86,-1.22,0.0,65,31590,买盘
1904,13:00:17,4.86,-1.22,-0.01,188,91368,卖盘
1905,13:00:14,4.87,-1.02,0.0,21,10227,买盘
1906,13:00:11,4.87,-1.02,0.0,435,211845,买盘
1907,13:00:08,4.87,-1.02,0.0,2,974,买盘
1908,13:00:05,4.87,-1.02,0.0,2052,999324,买盘
1909,13:00:02,4.87,-1.02,-0.01,729,355023,中性盘
1910,11:30:00,4.88,-0.81,0.0,0,0,买盘
1911,11:30:00,4.88,-0.81,0.0,0,0,买盘
1912,11:30:00,4.88,-0.81,0.01,42,20496,买盘
1913,11:29:58,4.87,-1.02,0.0,180,87660,卖盘
1914,11:29:55,4.87,-1.02,-0.01,100,48700,买盘
1915,11:29:52,4.88,-0.81,0.0,0,0,买盘
1916,11:29:49,4.88,-0.81,0.03,2838,1384944,买盘
1917,11:29:46,4.85,-1.42,-0.03,2,970,卖盘
1918,11:29:43,4.88,-0.81,0.0,0,0,买盘
1919,11:29:40,4.88,-0.81,0.01,907,442616,买盘
1920,11:29:37,4.87,-1.02,0.0,0,0,买盘
1921,11:29:34,4.87,-1.02,0.01,909,442683,买盘
1922,11:29:31,4.86,-1.22,-0.01,928,451008,中性盘
1923,11:29:28,4.87,-1.02,0.01,1252,609724,买盘
1924,11:29:25,4.86,-1.22,0.0,30,14580,卖盘
1925,11:29:22,4.86,-1.22,0.0,60,29160,卖盘
1926,11:29:19,4.86,-1.22,0.0,109,52974,中性盘
1927,11:29:19,4.86,-1.22,0.0,109,52974,卖盘
1928,11:29:16,4.86,-1.22,0.0,10,4860,卖盘
1929,11:29:13,4.86,-1.22,0.01,363,176418,买盘
1930,11:29:10,4.85,-1.42,0.0,1853,898705,卖盘
1931,11:29:04,4.85,-1.42,0.0,22,10670,卖盘
1932,11:29:01,4.85,-1.42,0.0,22,10670,卖盘
1933,11:28:55,4.85,-1.42,0.0,246,119310,买盘
1934,11:28:52,4.85,-1.42,0.01,900,436500,买盘
1935,11:28:49,4.84,-1.63,-0.01,1019,493196,卖盘
1936,11:28:46,4.85,-1.42,0.01,118,57230,买盘
1937,11:28:37,4.84,-1.63,-0.01,250,121000,卖盘
1938,11:28:34,4.85,-1.42,0.0,487,236195,买盘
1939,11:28:31,4.85,-1.42,0.01,284,137740,买盘
1940,11:28:22,4.84,-1.63,0.0,43,20812,卖盘
1941,11:28:19,4.84,-1.63,0.01,407,196988,买盘
1942,11:28:16,4.83,-1.83,-0.01,2,966,卖盘
1943,11:28:13,4.84,-1.63,0.01,1000,484000,买盘
1944,11:28:10,4.83,-1.83,0.0,1804,871332,卖盘
1945,11:28:04,4.83,-1.83,-0.01,10,4830,卖盘
1946,11:28:01,4.84,-1.63,0.01,453,219252,买盘
1947,11:27:58,4.83,-1.83,-0.01,2,966,买盘
1948,11:27:55,4.84,-1.63,0.0,0,0,买盘
1949,11:27:49,4.84,-1.63,0.0,2908,1407472,买盘
1950,11:27:46,4.84,-1.63,0.0,500,242000,买盘
1951,11:27:43,4.84,-1.63,0.01,10,4840,买盘
1952,11:27:37,4.83,-1.83,0.0,1,483,卖盘
1953,11:27:34,4.83,-1.83,0.01,77,37191,中性盘
1954,11:27:31,4.82,-2.03,-0.02,902,434764,卖盘
1955,11:27:28,4.84,-1.63,0.0,0,0,买盘
1956,11:27:25,4.84,-1.63,0.01,450,217800,买盘
1957,11:27:19,4.83,-1.83,0.0,132,63756,买盘
1958,11:27:16,4.83,-1.83,0.0,38,18354,买盘
1959,11:27:13,4.83,-1.83,0.0,452,218316,买盘
1960,11:27:10,4.83,-1.83,0.01,353,170499,买盘
1961,11:27:07,4.82,-2.03,-0.01,150,72300,卖盘
1962,11:27:01,4.83,-1.83,0.0,96,46368,买盘
1963,11:26:58,4.83,-1.83,0.01,44,21252,卖盘
1964,11:26:55,4.82,-2.03,0.0,0,0,卖盘
1965,11:26:52,4.82,-2.03,-0.01,8019,3865158,卖盘
1966,11:26:49,4.83,-1.83,-0.01,111,53613,买盘
1967,11:26:46,4.84,-1.63,0.02,27,13068,买盘
1968,11:26:43,4.82,-2.03,0.0,182,87724,卖盘
1969,11:26:40,4.82,-2.03,-0.02,300,144600,卖盘
1970,11:26:37,4.84,-1.63,0.01,25,12100,买盘
1971,11:26:34,4.83,-1.83,0.01,99,47817,买盘
1972,11:26:28,4.82,-2.03,0.0,21,10122,卖盘
1973,11:26:25,4.82,-2.03,-0.01,25,12050,卖盘
1974,11:26:22,4.83,-1.83,0.01,27,13041,买盘
1975,11:26:19,4.82,-2.03,-0.01,108,52056,卖盘
1976,11:26:16,4.83,-1.83,0.0,30,14490,买盘
1977,11:26:13,4.83,-1.83,0.0,22,10626,买盘
1978,11:26:10,4.83,-1.83,0.0,8,3864,买盘
1979,11:26:07,4.83,-1.83,0.0,10,4830,买盘
1980,11:26:04,4.83,-1.83,0.0,10,4830,买盘
1981,11:26:01,4.83,-1.83,0.0,14,6762,买盘
1982,11:25:58,4.83,-1.83,0.0,19,9177,买盘
1983,11:25:55,4.83,-1.83,0.0,5,2415,买盘
1984,11:25:52,4.83,-1.83,0.01,12,5796,买盘
1985,11:25:49,4.82,-2.03,-0.01,109,52538,卖盘
1986,11:25:46,4.83,-1.83,-0.01,306,147798,卖盘
1987,11:25:43,4.84,-1.63,0.0,60,29040,买盘
1988,11:25:40,4.84,-1.63,0.0,1,484,中性盘
1989,11:25:40,4.84,-1.63,0.01,1,484,买盘
1990,11:25:37,4.83,-1.83,-0.01,17,8211,卖盘
1991,11:25:31,4.84,-1.63,0.0,319,154396,买盘
1992,11:25:25,4.84,-1.63,0.0,37,17908,买盘
1993,11:25:19,4.84,-1.63,0.0,189,91476,买盘
1994,11:25:16,4.84,-1.63,0.0,6,2904,买盘
1995,11:25:13,4.84,-1.63,0.0,77,37268,买盘
1996,11:25:10,4.84,-1.63,0.0,62,30008,买盘
1997,11:25:04,4.84,-1.63,0.0,399,193116,买盘
1998,11:25:01,4.84,-1.63,0.0,90,43560,买盘
1999,11:24:58,4.84,-1.63,0.0,2,968,买盘
2000,11:24:55,4.84,-1.63,0.01,20,9680,买盘
2001,11:24:49,4.83,-1.83,0.0,109,52647,卖盘
2002,11:24:43,4.83,-1.83,-0.01,3,1449,卖盘
2003,11:24:28,4.84,-1.63,0.0,0,0,买盘
2004,11:24:22,4.84,-1.63,0.02,990,479160,买盘
2005,11:24:19,4.82,-2.03,-0.01,109,52538,卖盘
2006,11:24:16,4.83,-1.83,0.0,30,14490,买盘
2007,11:24:13,4.83,-1.83,0.0,10,4830,买盘
2008,11:24:10,4.83,-1.83,-0.01,1398,675234,卖盘
2009,11:24:07,4.84,-1.63,0.01,159,76956,买盘
2010,11:24:04,4.83,-1.83,-0.01,2,966,卖盘
2011,11:24:01,4.84,-1.63,0.0,900,435600,买盘
2012,11:23:58,4.84,-1.63,0.01,2,968,买盘
2013,11:23:55,4.83,-1.83,0.0,10,4830,卖盘
2014,11:23:52,4.83,-1.83,0.0,57,27531,卖盘
2015,11:23:49,4.83,-1.83,0.0,310,149730,卖盘
2016,11:23:46,4.83,-1.83,-0.01,20,9660,卖盘
2017,11:23:43,4.84,-1.63,0.0,2,968,买盘
2018,11:23:40,4.84,-1.63,0.0,50,24200,买盘
2019,11:23:37,4.84,-1.63,0.0,921,445764,买盘
2020,11:23:31,4.84,-1.63,0.01,14,6776,买盘
2021,11:23:28,4.83,-1.83,0.0,1,483,卖盘
2022,11:23:25,4.83,-1.83,0.0,94,45402,卖盘
2023,11:23:22,4.83,-1.83,0.0,230,111090,卖盘
2024,11:23:19,4.83,-1.83,0.0,109,52647,卖盘
2025,11:23:16,4.83,-1.83,-0.01,921,444843,卖盘
2026,11:23:10,4.84,-1.63,0.0,77,37268,买盘
2027,11:23:04,4.84,-1.63,0.0,41,19844,买盘
2028,11:23:01,4.84,-1.63,0.0,27,13068,买盘
2029,11:22:58,4.84,-1.63,0.0,2,968,买盘
2030,11:22:55,4.84,-1.63,0.01,4,1936,卖盘
2031,11:22:49,4.83,-1.83,-0.02,110,53130,卖盘
2032,11:22:46,4.85,-1.42,0.02,450,218250,买盘
2033,11:22:43,4.83,-1.83,-0.01,38,18354,卖盘
2034,11:22:40,4.84,-1.63,0.01,6,2904,买盘
2035,11:22:37,4.83,-1.83,0.0,1,483,卖盘
2036,11:22:34,4.83,-1.83,-0.01,25,12075,卖盘
2037,11:22:28,4.84,-1.63,0.01,450,217800,买盘
2038,11:22:25,4.83,-1.83,0.0,146,70518,卖盘
2039,11:22:22,4.83,-1.83,0.0,919,443877,买盘
2040,11:22:19,4.83,-1.83,0.0,203,98049,买盘
2041,11:22:16,4.83,-1.83,0.0,10,4830,买盘
2042,11:22:13,4.83,-1.83,0.0,4,1932,买盘
2043,11:22:10,4.83,-1.83,0.01,450,217350,买盘
2044,11:22:07,4.82,-2.03,-0.01,10,4820,卖盘
2045,11:22:04,4.83,-1.83,0.0,6,2898,买盘
2046,11:22:01,4.83,-1.83,0.0,605,292215,买盘
2047,11:22:01,4.83,-1.83,0.0,605,292215,中性盘
2048,11:22:01,4.83,-1.83,-0.01,605,292215,卖盘
2049,11:21:58,4.84,-1.63,0.01,902,436568,买盘
2050,11:21:49,4.83,-1.83,0.0,109,52647,卖盘
2051,11:21:46,4.83,-1.83,0.0,291,140553,买盘
2052,11:21:43,4.83,-1.83,-0.01,32,15456,买盘
2053,11:21:40,4.84,-1.63,0.01,900,435600,买盘
2054,11:21:37,4.83,-1.83,-0.01,41,19803,买盘
2055,11:21:34,4.84,-1.63,0.0,0,0,买盘
2056,11:21:31,4.84,-1.63,0.02,62,30008,买盘
2057,11:21:25,4.82,-2.03,0.0,0,0,卖盘
2058,11:21:19,4.82,-2.03,-0.02,109,52538,卖盘
2059,11:21:16,4.84,-1.63,0.0,16,7744,买盘
2060,11:21:13,4.84,-1.63,0.01,5,2420,买盘
2061,11:21:07,4.83,-1.83,-0.01,169,81627,卖盘
2062,11:21:04,4.84,-1.63,0.0,145,70180,买盘
2063,11:21:01,4.84,-1.63,0.0,30,14520,买盘
2064,11:20:58,4.84,-1.63,0.0,2,968,买盘
2065,11:20:55,4.84,-1.63,0.0,235,113740,买盘
2066,11:20:49,4.84,-1.63,0.0,112,54208,买盘
2067,11:20:43,4.84,-1.63,0.0,68,32912,买盘
2068,11:20:37,4.84,-1.63,0.01,34,16456,买盘
2069,11:20:34,4.83,-1.83,0.0,22,10626,卖盘
2070,11:20:31,4.83,-1.83,0.0,2178,1051974,卖盘
2071,11:20:25,4.83,-1.83,-0.01,10,4830,卖盘
2072,11:20:22,4.84,-1.63,0.01,10,4840,买盘
2073,11:20:19,4.83,-1.83,0.0,109,52647,卖盘
2074,11:20:16,4.83,-1.83,-0.01,4,1932,卖盘
2075,11:20:13,4.84,-1.63,0.0,11,5324,买盘
2076,11:20:10,4.84,-1.63,0.0,1,484,买盘
2077,11:20:07,4.84,-1.63,0.0,22,10648,买盘
2078,11:20:04,4.84,-1.63,0.0,50,24200,买盘
2079,11:20:01,4.84,-1.63,0.0,2160,1045440,买盘
2080,11:19:55,4.84,-1.63,0.0,2,968,买盘
2081,11:19:52,4.84,-1.63,0.01,20,9680,买盘
2082,11:19:49,4.83,-1.83,-0.01,109,52647,卖盘
2083,11:19:46,4.84,-1.63,0.0,172,83248,买盘
2084,11:19:43,4.84,-1.63,0.01,8,3872,买盘
2085,11:19:40,4.83,-1.83,-0.01,3,1449,卖盘
2086,11:19:28,4.84,-1.63,0.0,73,35332,买盘
2087,11:19:25,4.84,-1.63,0.01,5,2420,买盘
2088,11:19:19,4.83,-1.83,-0.01,108,52164,卖盘
2089,11:19:16,4.84,-1.63,0.0,2,968,买盘
2090,11:19:07,4.84,-1.63,0.0,2,968,买盘
2091,11:19:04,4.84,-1.63,0.0,117,56628,买盘
2092,11:19:01,4.84,-1.63,0.0,107,51788,买盘
2093,11:18:58,4.84,-1.63,0.0,44,21296,买盘
2094,11:18:55,4.84,-1.63,0.01,20,9680,买盘
2095,11:18:49,4.83,-1.83,-0.01,109,52647,卖盘
2096,11:18:46,4.84,-1.63,0.01,73,35332,买盘
2097,11:18:43,4.83,-1.83,-0.01,2,966,卖盘
2098,11:18:37,4.84,-1.63,0.0,45,21780,买盘
2099,11:18:34,4.84,-1.63,0.0,51,24684,买盘
2100,11:18:28,4.84,-1.63,0.01,2103,1017852,买盘
2101,11:18:22,4.83,-1.83,0.0,20,9660,卖盘
2102,11:18:22,4.83,-1.83,0.0,20,9660,中性盘
2103,11:18:22,4.83,-1.83,-0.01,20,9660,卖盘
2104,11:18:19,4.84,-1.63,0.0,138,66792,买盘
2105,11:18:16,4.84,-1.63,0.0,120,58080,买盘
2106,11:18:13,4.84,-1.63,0.0,1,484,买盘
2107,11:18:04,4.84,-1.63,0.01,10,4840,买盘
2108,11:18:01,4.83,-1.83,-0.01,40,19320,卖盘
2109,11:17:58,4.84,-1.63,0.0,2,968,买盘
2110,11:17:52,4.84,-1.63,0.01,45,21780,买盘
2111,11:17:49,4.83,-1.83,-0.01,109,52647,卖盘
2112,11:17:43,4.84,-1.63,0.0,3,1452,买盘
2113,11:17:40,4.84,-1.63,0.0,32,15488,买盘
2114,11:17:37,4.84,-1.63,0.0,10,4840,买盘
2115,11:17:34,4.84,-1.63,0.0,11,5324,买盘
2116,11:17:28,4.84,-1.63,0.01,23,11132,买盘
2117,11:17:25,4.83,-1.83,0.0,247,119301,卖盘
2118,11:17:19,4.83,-1.83,-0.01,109,52647,卖盘
2119,11:17:15,4.84,-1.63,0.0,2,968,买盘
2120,11:17:13,4.84,-1.63,0.01,50,24200,买盘
2121,11:17:10,4.83,-1.83,-0.01,210,101430,卖盘
2122,11:17:07,4.84,-1.63,0.0,2,968,买盘
2123,11:17:01,4.84,-1.63,0.0,437,211508,买盘
2124,11:16:57,4.84,-1.63,0.0,205,99220,买盘
2125,11:16:54,4.84,-1.63,0.01,407,196988,买盘
2126,11:16:51,4.83,-1.83,-0.01,210,101430,卖盘
2127,11:16:48,4.84,-1.63,0.01,17,8228,买盘
2128,11:16:45,4.83,-1.83,-0.01,325,156975,卖盘
2129,11:16:42,4.84,-1.63,0.01,320,154880,买盘
2130,11:16:39,4.83,-1.83,-0.01,14,6762,卖盘
2131,11:16:36,4.84,-1.63,0.0,65,31460,买盘
2132,11:16:33,4.84,-1.63,0.0,475,229900,买盘
2133,11:16:24,4.84,-1.63,0.01,542,262328,买盘
2134,11:16:22,4.83,-1.83,-0.01,117,56511,卖盘
2135,11:16:18,4.84,-1.63,0.0,4,1936,买盘
2136,11:16:15,4.84,-1.63,0.0,227,109868,买盘
2137,11:16:12,4.84,-1.63,0.0,720,348480,买盘
2138,11:16:09,4.84,-1.63,0.0,50,24200,买盘
2139,11:16:06,4.84,-1.63,0.0,51,24684,买盘
2140,11:16:03,4.84,-1.63,0.0,3,1452,买盘
2141,11:16:00,4.84,-1.63,0.0,11,5324,买盘
2142,11:15:57,4.84,-1.63,0.0,11,5324,买盘
2143,11:15:54,4.84,-1.63,0.01,161,77924,中性盘
2144,11:15:51,4.83,-1.83,-0.02,109,52647,卖盘
2145,11:15:45,4.85,-1.42,0.01,350,169750,买盘
2146,11:15:39,4.84,-1.63,0.0,18,8712,卖盘
2147,11:15:36,4.84,-1.63,0.0,1,484,卖盘
2148,11:15:33,4.84,-1.63,0.0,65,31460,买盘
2149,11:15:30,4.84,-1.63,0.0,37,17908,买盘
2150,11:15:24,4.84,-1.63,0.01,10,4840,买盘
2151,11:15:21,4.83,-1.83,-0.01,158,76314,卖盘
2152,11:15:18,4.84,-1.63,0.0,10,4840,买盘
2153,11:15:15,4.84,-1.63,0.0,36,17424,买盘
2154,11:15:12,4.84,-1.63,0.0,24,11616,买盘
2155,11:15:06,4.84,-1.63,-0.01,10,4840,中性盘
2156,11:15:03,4.85,-1.42,0.01,3189,1546665,买盘
2157,11:15:00,4.84,-1.63,-0.01,5668,2743312,卖盘
2158,11:14:57,4.85,-1.42,0.0,2,970,买盘
2159,11:14:54,4.85,-1.42,0.01,44,21340,买盘
2160,11:14:51,4.84,-1.63,0.0,3313,1603492,买盘
2161,11:14:45,4.84,-1.63,0.0,20,9680,买盘
2162,11:14:42,4.84,-1.63,0.0,7,3388,中性盘
2163,11:14:42,4.84,-1.63,0.01,7,3388,买盘
2164,11:14:36,4.83,-1.83,-0.01,1,483,卖盘
2165,11:14:33,4.84,-1.63,0.0,5,2420,买盘
2166,11:14:24,4.84,-1.63,0.01,3,1452,买盘
2167,11:14:21,4.83,-1.83,-0.01,3230,1560090,卖盘
2168,11:14:18,4.84,-1.63,0.0,43,20812,买盘
2169,11:14:15,4.84,-1.63,0.0,50,24200,买盘
2170,11:14:09,4.84,-1.63,0.01,700,338800,买盘
2171,11:14:06,4.83,-1.83,-0.01,355,171465,卖盘
2172,11:14:03,4.84,-1.63,0.0,6,2904,买盘
2173,11:13:57,4.84,-1.63,0.01,2,968,买盘
2174,11:13:54,4.83,-1.83,0.0,82,39606,卖盘
2175,11:13:51,4.83,-1.83,-0.01,166,80178,卖盘
2176,11:13:48,4.84,-1.63,0.01,8,3872,买盘
2177,11:13:45,4.83,-1.83,-0.01,4,1932,卖盘
2178,11:13:42,4.84,-1.63,0.01,20,9680,买盘
2179,11:13:39,4.83,-1.83,-0.01,30,14490,卖盘
2180,11:13:36,4.84,-1.63,0.0,28,13552,买盘
2181,11:13:30,4.84,-1.63,0.0,76,36784,买盘
2182,11:13:27,4.84,-1.63,0.0,51,24684,买盘
2183,11:13:21,4.84,-1.63,0.01,135,65340,买盘
2184,11:13:18,4.83,-1.83,-0.01,312,150696,卖盘
2185,11:13:09,4.84,-1.63,0.0,13,6292,买盘
2186,11:13:06,4.84,-1.63,0.0,51,24684,买盘
2187,11:13:00,4.84,-1.63,0.0,9,4356,买盘
2188,11:12:57,4.84,-1.63,0.0,32,15488,买盘
2189,11:12:54,4.84,-1.63,0.01,13,6292,买盘
2190,11:12:51,4.83,-1.83,0.0,115,55545,卖盘
2191,11:12:48,4.83,-1.83,0.0,165,79695,卖盘
2192,11:12:39,4.83,-1.83,0.0,20,9660,卖盘
2193,11:12:36,4.83,-1.83,-0.01,1,483,卖盘
2194,11:12:24,4.84,-1.63,0.01,8,3872,买盘
2195,11:12:21,4.83,-1.83,0.0,189,91287,买盘
2196,11:12:18,4.83,-1.83,0.01,771,372393,买盘
2197,11:12:15,4.82,-2.03,-0.01,1027,495014,卖盘
2198,11:12:12,4.83,-1.83,0.0,5,2415,买盘
2199,11:12:09,4.83,-1.83,0.01,208,100464,买盘
2200,11:12:06,4.82,-2.03,-0.01,9,4338,卖盘
2201,11:12:03,4.83,-1.83,0.0,152,73416,买盘
2202,11:12:00,4.83,-1.83,0.0,10,4830,买盘
2203,11:11:57,4.83,-1.83,0.0,111,53613,买盘
2204,11:11:54,4.83,-1.83,0.0,80,38640,买盘
2205,11:11:51,4.83,-1.83,0.01,218,105294,买盘
2206,11:11:48,4.82,-2.03,-0.01,2,964,卖盘
2207,11:11:45,4.83,-1.83,0.0,80,38640,买盘
2208,11:11:42,4.83,-1.83,0.0,38,18354,买盘
2209,11:11:39,4.83,-1.83,0.0,20,9660,买盘
2210,11:11:35,4.83,-1.83,0.0,101,48783,买盘
2211,11:11:25,4.83,-1.83,0.0,101,48783,买盘
2212,11:11:23,4.83,-1.83,0.01,47,22701,买盘
2213,11:11:20,4.82,-2.03,0.0,108,52056,卖盘
2214,11:11:18,4.82,-2.03,0.0,40,19280,卖盘
2215,11:11:10,4.82,-2.03,0.0,1,482,卖盘
2216,11:11:07,4.82,-2.03,-0.01,163,78566,中性盘
2217,11:11:04,4.83,-1.83,0.01,901,435183,买盘
2218,11:11:01,4.82,-2.03,0.0,52,25064,中性盘
2219,11:11:01,4.82,-2.03,0.01,52,25064,买盘
2220,11:10:58,4.81,-2.24,-0.01,22,10582,卖盘
2221,11:10:55,4.82,-2.03,0.0,2,964,买盘
2222,11:10:54,4.82,-2.03,0.0,69,33258,买盘
2223,11:10:49,4.82,-2.03,0.0,155,74710,买盘
2224,11:10:47,4.82,-2.03,0.0,223,107486,买盘
2225,11:10:43,4.82,-2.03,0.0,108,52056,买盘
2226,11:10:40,4.82,-2.03,0.0,937,451634,买盘
2227,11:10:37,4.82,-2.03,0.0,43,20726,买盘
2228,11:10:34,4.82,-2.03,0.0,11,5302,买盘
2229,11:10:31,4.82,-2.03,0.01,128,61696,买盘
2230,11:10:28,4.81,-2.24,-0.01,1059,509379,卖盘
2231,11:10:25,4.82,-2.03,0.0,30,14460,买盘
2232,11:10:22,4.82,-2.03,0.01,914,440548,买盘
2233,11:10:19,4.81,-2.24,-0.01,109,52429,卖盘
2234,11:10:13,4.82,-2.03,0.01,15,7230,买盘
2235,11:10:10,4.81,-2.24,-0.01,50,24050,卖盘
2236,11:10:07,4.82,-2.03,0.0,200,96400,买盘
2237,11:10:04,4.82,-2.03,0.0,103,49646,买盘
2238,11:10:01,4.82,-2.03,0.0,1158,558156,买盘
2239,11:09:58,4.82,-2.03,0.0,84,40488,买盘
2240,11:09:55,4.82,-2.03,0.0,74,35668,买盘
2241,11:09:52,4.82,-2.03,0.01,10,4820,买盘
2242,11:09:49,4.81,-2.24,-0.01,189,90909,卖盘
2243,11:09:46,4.82,-2.03,0.01,135,65070,买盘
2244,11:09:43,4.81,-2.24,-0.01,79,37999,卖盘
2245,11:09:40,4.82,-2.03,0.0,50,24100,买盘
2246,11:09:37,4.82,-2.03,0.0,910,438620,买盘
2247,11:09:34,4.82,-2.03,0.0,38,18316,买盘
2248,11:09:31,4.82,-2.03,0.0,15,7230,买盘
2249,11:09:25,4.82,-2.03,0.0,5,2410,买盘
2250,11:09:22,4.82,-2.03,0.0,4,1928,买盘
2251,11:09:19,4.82,-2.03,-0.01,208,100724,卖盘
2252,11:09:16,4.83,-1.83,0.0,901,435183,买盘
2253,11:09:13,4.83,-1.83,0.01,37,17871,买盘
2254,11:09:10,4.82,-2.03,0.0,10,4820,卖盘
2255,11:09:04,4.82,-2.03,0.0,3,1446,卖盘
2256,11:09:01,4.82,-2.03,0.0,265,127730,卖盘
2257,11:08:58,4.82,-2.03,-0.01,26,12532,卖盘
2258,11:08:55,4.83,-1.83,0.01,43,20769,买盘
2259,11:08:52,4.82,-2.03,0.0,14,6748,卖盘
2260,11:08:49,4.82,-2.03,0.0,134,64588,卖盘
2261,11:08:46,4.82,-2.03,-0.01,10,4820,卖盘
2262,11:08:43,4.83,-1.83,0.01,20,9660,买盘
2263,11:08:37,4.82,-2.03,0.0,1,482,卖盘
2264,11:08:34,4.82,-2.03,0.0,1,482,卖盘
2265,11:08:28,4.82,-2.03,0.0,44,21208,卖盘
2266,11:08:25,4.82,-2.03,0.0,110,53020,卖盘
2267,11:08:19,4.82,-2.03,-0.01,147,70854,卖盘
2268,11:08:13,4.83,-1.83,0.0,21,10143,买盘
2269,11:08:07,4.83,-1.83,0.0,8,3864,买盘
2270,11:07:58,4.83,-1.83,0.0,80,38640,买盘
2271,11:07:52,4.83,-1.83,0.0,42,20286,买盘
2272,11:07:49,4.83,-1.83,0.01,146,70518,买盘
2273,11:07:46,4.82,-2.03,-0.01,33,15906,卖盘
2274,11:07:43,4.83,-1.83,0.0,10,4830,买盘
2275,11:07:40,4.83,-1.83,0.01,18,8694,买盘
2276,11:07:34,4.82,-2.03,-0.01,1,482,卖盘
2277,11:07:31,4.83,-1.83,0.01,77,37191,买盘
2278,11:07:28,4.82,-2.03,-0.01,61,29402,卖盘
2279,11:07:25,4.83,-1.83,0.01,5,2415,买盘
2280,11:07:22,4.82,-2.03,0.0,4172,2010904,中性盘
2281,11:07:22,4.82,-2.03,-0.01,4172,2010904,卖盘
2282,11:07:19,4.83,-1.83,0.01,1110,536130,买盘
2283,11:07:10,4.82,-2.03,-0.01,220,106040,卖盘
2284,11:07:04,4.83,-1.83,0.01,51,24633,买盘
2285,11:07:01,4.82,-2.03,0.0,11,5302,卖盘
2286,11:06:58,4.82,-2.03,-0.01,248,119536,卖盘
2287,11:06:55,4.83,-1.83,0.01,2,966,买盘
2288,11:06:52,4.82,-2.03,0.0,214,103148,卖盘
2289,11:06:49,4.82,-2.03,0.0,109,52538,卖盘
2290,11:06:43,4.82,-2.03,0.0,100,48200,卖盘
2291,11:06:37,4.82,-2.03,0.0,10,4820,卖盘
2292,11:06:34,4.82,-2.03,-0.01,2,964,卖盘
2293,11:06:28,4.83,-1.83,0.0,54,26082,买盘
2294,11:06:25,4.83,-1.83,0.0,4,1932,买盘
2295,11:06:22,4.83,-1.83,0.0,25,12075,买盘
2296,11:06:19,4.83,-1.83,0.0,137,66171,买盘
2297,11:06:13,4.83,-1.83,0.01,134,64722,买盘
2298,11:06:10,4.82,-2.03,0.0,20,9640,卖盘
2299,11:06:07,4.82,-2.03,-0.01,214,103148,卖盘
2300,11:06:04,4.83,-1.83,0.0,7,3381,卖盘
2301,11:06:01,4.83,-1.83,0.0,97,46851,卖盘
2302,11:05:58,4.83,-1.83,-0.01,626,302358,卖盘
2303,11:05:52,4.84,-1.63,0.01,3,1452,买盘
2304,11:05:49,4.83,-1.83,0.0,110,53130,卖盘
2305,11:05:43,4.83,-1.83,0.0,81,39123,卖盘
2306,11:05:40,4.83,-1.83,0.0,13,6279,卖盘
2307,11:05:37,4.83,-1.83,0.0,2,966,卖盘
2308,11:05:34,4.83,-1.83,0.0,118,56994,卖盘
2309,11:05:31,4.83,-1.83,0.0,4,1932,卖盘
2310,11:05:19,4.83,-1.83,0.0,110,53130,卖盘
2311,11:05:16,4.83,-1.83,0.0,20,9660,卖盘
2312,11:05:13,4.83,-1.83,0.0,21,10143,卖盘
2313,11:05:07,4.83,-1.83,0.0,17,8211,卖盘
2314,11:05:04,4.83,-1.83,-0.01,16,7728,卖盘
2315,11:05:01,4.84,-1.63,0.0,10,4840,买盘
2316,11:04:58,4.84,-1.63,0.01,21,10164,买盘
2317,11:04:55,4.83,-1.83,-0.01,17,8211,卖盘
2318,11:04:52,4.84,-1.63,0.01,79,38236,买盘
2319,11:04:49,4.83,-1.83,-0.01,466,225078,卖盘
2320,11:04:46,4.84,-1.63,0.01,12,5808,买盘
2321,11:04:43,4.83,-1.83,0.0,24,11592,卖盘
2322,11:04:40,4.83,-1.83,0.0,3,1449,卖盘
2323,11:04:37,4.83,-1.83,0.0,124,59892,卖盘
2324,11:04:34,4.83,-1.83,0.0,42,20286,卖盘
2325,11:04:31,4.83,-1.83,0.0,21,10143,卖盘
2326,11:04:28,4.83,-1.83,0.0,105,50715,卖盘
2327,11:04:25,4.83,-1.83,0.0,780,376740,卖盘
2328,11:04:22,4.83,-1.83,0.0,10,4830,卖盘
2329,11:04:19,4.83,-1.83,0.0,190,91770,卖盘
2330,11:04:16,4.83,-1.83,0.0,60,28980,卖盘
2331,11:04:10,4.83,-1.83,-0.01,294,142002,卖盘
2332,11:04:07,4.84,-1.63,0.01,10,4840,买盘
2333,11:04:04,4.83,-1.83,0.0,351,169533,卖盘
2334,11:04:01,4.83,-1.83,-0.01,23,11109,卖盘
2335,11:03:58,4.84,-1.63,0.0,13,6292,买盘
2336,11:03:55,4.84,-1.63,0.0,23,11132,买盘
2337,11:03:52,4.84,-1.63,0.0,13,6292,买盘
2338,11:03:49,4.84,-1.63,0.01,116,56144,买盘
2339,11:03:46,4.83,-1.83,0.0,16,7728,卖盘
2340,11:03:43,4.83,-1.83,0.0,35,16905,中性盘
2341,11:03:43,4.83,-1.83,0.0,35,16905,卖盘
2342,11:03:40,4.83,-1.83,0.0,12,5796,卖盘
2343,11:03:37,4.83,-1.83,0.0,149,71967,卖盘
2344,11:03:34,4.83,-1.83,0.0,1,483,卖盘
2345,11:03:28,4.83,-1.83,0.0,112,54096,卖盘
2346,11:03:25,4.83,-1.83,0.0,268,129444,买盘
2347,11:03:22,4.83,-1.83,0.01,118,56994,买盘
2348,11:03:19,4.82,-2.03,-0.01,129,62178,卖盘
2349,11:03:13,4.83,-1.83,0.0,6,2898,买盘
2350,11:03:10,4.83,-1.83,0.0,20,9660,买盘
2351,11:03:04,4.83,-1.83,0.0,5,2415,买盘
2352,11:03:01,4.83,-1.83,0.0,35,16905,买盘
2353,11:02:58,4.83,-1.83,0.0,1,483,买盘
2354,11:02:55,4.83,-1.83,0.0,2,966,买盘
2355,11:02:49,4.83,-1.83,-0.01,1314,634662,卖盘
2356,11:02:46,4.84,-1.63,0.0,38,18392,买盘
2357,11:02:43,4.84,-1.63,0.01,10,4840,买盘
2358,11:02:40,4.83,-1.83,0.0,2,966,卖盘
2359,11:02:34,4.83,-1.83,-0.01,1,483,卖盘
2360,11:02:31,4.84,-1.63,0.0,27,13068,买盘
2361,11:02:22,4.84,-1.63,0.01,7,3388,买盘
2362,11:02:19,4.83,-1.83,-0.01,109,52647,卖盘
2363,11:02:13,4.84,-1.63,0.0,1,484,买盘
2364,11:02:07,4.84,-1.63,0.01,147,71148,买盘
2365,11:02:04,4.83,-1.83,0.0,17,8211,卖盘
2366,11:01:58,4.83,-1.83,-0.01,5,2415,卖盘
2367,11:01:52,4.84,-1.63,0.02,2,968,买盘
2368,11:01:49,4.82,-2.03,0.0,109,52538,卖盘
2369,11:01:46,4.82,-2.03,-0.01,1248,601536,卖盘
2370,11:01:43,4.83,-1.83,0.0,20,9660,卖盘
2371,11:01:37,4.83,-1.83,0.0,3,1449,卖盘
2372,11:01:34,4.83,-1.83,-0.01,113,54579,卖盘
2373,11:01:31,4.84,-1.63,0.0,331,160204,买盘
2374,11:01:28,4.84,-1.63,0.0,189,91491,买盘
2375,11:01:25,4.84,-1.63,0.01,156,75504,买盘
2376,11:01:22,4.83,-1.83,-0.01,7,3381,卖盘
2377,11:01:19,4.84,-1.63,0.0,136,65824,买盘
2378,11:01:16,4.84,-1.63,0.0,101,48884,买盘
2379,11:01:13,4.84,-1.63,0.0,75,36300,买盘
2380,11:01:10,4.84,-1.63,0.0,162,78408,买盘
2381,11:01:07,4.84,-1.63,0.0,20,9680,买盘
2382,11:01:04,4.84,-1.63,0.0,51,24684,买盘
2383,11:01:01,4.84,-1.63,0.01,30,14520,买盘
2384,11:00:55,4.83,-1.83,-0.01,119,57477,卖盘
2385,11:00:52,4.84,-1.63,0.01,59,28556,买盘
2386,11:00:49,4.83,-1.83,-0.01,139,67137,卖盘
2387,11:00:46,4.84,-1.63,0.0,29,14036,买盘
2388,11:00:43,4.84,-1.63,0.0,11,5324,买盘
2389,11:00:37,4.84,-1.63,0.0,145,70180,买盘
2390,11:00:34,4.84,-1.63,0.0,14,6776,买盘
2391,11:00:28,4.84,-1.63,0.0,90,43560,买盘
2392,11:00:25,4.84,-1.63,0.0,40,19360,买盘
2393,11:00:22,4.84,-1.63,0.01,15,7260,买盘
2394,11:00:19,4.83,-1.83,-0.01,109,52647,卖盘
2395,11:00:16,4.84,-1.63,0.0,55,26620,买盘
2396,11:00:13,4.84,-1.63,0.0,30,14520,买盘
2397,11:00:10,4.84,-1.63,0.0,22,10648,买盘
2398,11:00:07,4.84,-1.63,0.0,27,13068,买盘
2399,11:00:04,4.84,-1.63,0.0,54,26136,中性盘
2400,11:00:04,4.84,-1.63,0.0,54,26136,买盘
2401,11:00:01,4.84,-1.63,0.0,124,60016,买盘
2402,10:59:58,4.84,-1.63,0.0,7,3388,买盘
2403,10:59:55,4.84,-1.63,0.01,5,2420,买盘
2404,10:59:52,4.83,-1.83,-0.01,21,10143,卖盘
2405,10:59:49,4.84,-1.63,0.0,1831,886204,买盘
2406,10:59:46,4.84,-1.63,0.01,100,48400,买盘
2407,10:59:43,4.83,-1.83,0.0,1,483,卖盘
2408,10:59:34,4.83,-1.83,-0.01,1,483,卖盘
2409,10:59:28,4.84,-1.63,0.0,22,10648,买盘
2410,10:59:25,4.84,-1.63,0.01,122,59048,买盘
2411,10:59:19,4.83,-1.83,0.0,109,52647,卖盘
2412,10:59:13,4.83,-1.83,0.0,25,12075,卖盘
2413,10:59:10,4.83,-1.83,0.0,12,5796,卖盘
2414,10:59:04,4.83,-1.83,0.01,4544,2194752,买盘
2415,10:58:55,4.82,-2.03,0.0,10,4820,卖盘
2416,10:58:52,4.82,-2.03,0.0,5,2410,卖盘
2417,10:58:49,4.82,-2.03,0.0,109,52538,卖盘
2418,10:58:46,4.82,-2.03,-0.01,20,9640,卖盘
2419,10:58:43,4.83,-1.83,0.0,29,14007,买盘
2420,10:58:40,4.83,-1.83,0.01,320,154560,买盘
2421,10:58:34,4.82,-2.03,-0.01,11,5302,卖盘
2422,10:58:31,4.83,-1.83,0.01,11,5313,买盘
2423,10:58:25,4.82,-2.03,0.0,1,482,卖盘
2424,10:58:19,4.82,-2.03,-0.01,539,259798,卖盘
2425,10:58:16,4.83,-1.83,0.0,14,6762,买盘
2426,10:58:13,4.83,-1.83,0.0,9,4347,买盘
2427,10:58:10,4.83,-1.83,0.0,39,18837,买盘
2428,10:58:07,4.83,-1.83,0.0,2,966,买盘
2429,10:58:04,4.83,-1.83,0.01,77,37191,买盘
2430,10:58:01,4.82,-2.03,0.0,750,361500,卖盘
2431,10:57:58,4.82,-2.03,0.0,2583,1245006,卖盘
2432,10:57:55,4.82,-2.03,-0.01,1,482,卖盘
